{
  "trades": [
    {
      "time": "2026-02-16T18:05:35.647Z",
      "side": "buy",
      "amount": 0.000014687173787772742,
      "price": 68086.6186,
      "value": 1
    },
    {
      "time": "2026-02-16T18:05:36.041Z",
      "side": "buy",
      "amount": 0.00001467251592970111,
      "price": 68154.63720000001,
      "value": 1
    },
    {
      "time": "2026-02-16T18:05:36.421Z",
      "side": "buy",
      "amount": 0.00001465788729966153,
      "price": 68222.6558,
      "value": 1
    },
    {
      "time": "2026-02-16T18:05:36.808Z",
      "side": "buy",
      "amount": 0.000014643287810319236,
      "price": 68290.6744,
      "value": 1
    },
    {
      "time": "2026-02-16T18:10:26.895Z",
      "side": "sell",
      "amount": 0.000014687173787772742,
      "price": 68086.6186,
      "value": 1
    },
    {
      "time": "2026-02-16T18:21:12.444Z",
      "side": "sell",
      "amount": 0.00001467251592970111,
      "price": 68154.63720000001,
      "value": 1
    },
    {
      "time": "2026-02-16T18:28:12.789Z",
      "side": "buy",
      "amount": 0.00001467251592970111,
      "price": 68154.63720000001,
      "value": 1
    },
    {
      "time": "2026-02-17T02:46:34.248Z",
      "side": "buy",
      "amount": 0.000014487618812146951,
      "price": 69024.4555,
      "value": 1
    },
    {
      "time": "2026-02-17T02:46:34.556Z",
      "side": "buy",
      "amount": 0.00001447316011073762,
      "price": 69093.41100000001,
      "value": 1
    },
    {
      "time": "2026-02-17T02:46:34.873Z",
      "side": "buy",
      "amount": 0.000014458730240238384,
      "price": 69162.36649999999,
      "value": 1
    },
    {
      "time": "2026-02-17T02:46:35.179Z",
      "side": "buy",
      "amount": 0.000014444329114501093,
      "price": 69231.322,
      "value": 1
    },
    {
      "time": "2026-02-17T02:59:07.723Z",
      "side": "buy",
      "amount": 0.000014502106430959097,
      "price": 68955.5,
      "value": 1
    },
    {
      "time": "2026-02-17T02:59:37.739Z",
      "side": "buy",
      "amount": 0.00001451662305401311,
      "price": 68886.5445,
      "value": 1
    },
    {
      "time": "2026-02-17T03:03:52.965Z",
      "side": "buy",
      "amount": 0.000014531168768496091,
      "price": 68817.58899999999,
      "value": 1
    },
    {
      "time": "2026-02-17T03:04:22.958Z",
      "side": "buy",
      "amount": 0.000014545743661944933,
      "price": 68748.6335,
      "value": 1
    },
    {
      "time": "2026-02-17T03:05:56.056Z",
      "side": "buy",
      "amount": 0.00001456034782224809,
      "price": 68679.678,
      "value": 1
    },
    {
      "time": "2026-02-17T03:09:32.268Z",
      "side": "sell",
      "amount": 0.00001456034782224809,
      "price": 68679.678,
      "value": 1
    },
    {
      "time": "2026-02-17T03:11:20.371Z",
      "side": "buy",
      "amount": 0.00001456034782224809,
      "price": 68679.678,
      "value": 1
    },
    {
      "time": "2026-02-17T03:14:59.579Z",
      "side": "sell",
      "amount": 0.00001456034782224809,
      "price": 68679.678,
      "value": 1
    },
    {
      "time": "2026-02-17T04:07:45.700Z",
      "side": "buy",
      "amount": 0.000014604188854354412,
      "price": 68473.5051,
      "value": 0.9999999999999999
    },
    {
      "time": "2026-02-17T04:07:45.927Z",
      "side": "buy",
      "amount": 0.000014589613815577609,
      "price": 68541.91020000001,
      "value": 1
    },
    {
      "time": "2026-02-17T04:07:46.134Z",
      "side": "buy",
      "amount": 0.000014575067839689697,
      "price": 68610.3153,
      "value": 1
    },
    {
      "time": "2026-02-17T04:07:46.352Z",
      "side": "buy",
      "amount": 0.000014560550839849368,
      "price": 68678.7204,
      "value": 1
    },
    {
      "time": "2026-02-17T04:10:30.802Z",
      "side": "sell",
      "amount": 0.000014604188854354412,
      "price": 68473.5051,
      "value": 0.9999999999999999
    },
    {
      "time": "2026-02-17T04:11:18.860Z",
      "side": "sell",
      "amount": 0.000014589613815577609,
      "price": 68541.91020000001,
      "value": 1
    },
    {
      "time": "2026-02-17T04:16:01.100Z",
      "side": "buy",
      "amount": 0.000014589613815577609,
      "price": 68541.91020000001,
      "value": 1
    },
    {
      "pair": "BTC/USDT",
      "time": "2026-02-17T04:17:19.221Z",
      "side": "buy",
      "amount": 0.000014583934899379696,
      "price": 68568.6001,
      "value": 1
    },
    {
      "pair": "SOL/USDT",
      "time": "2026-02-17T04:17:19.223Z",
      "side": "buy",
      "amount": 0.011563546428679631,
      "price": 86.47865999999999,
      "value": 1
    },
    {
      "pair": "BTC/USDT",
      "time": "2026-02-17T04:17:19.429Z",
      "side": "buy",
      "amount": 0.000014569380074130813,
      "price": 68637.1002,
      "value": 1
    },
    {
      "pair": "BTC/USDT",
      "time": "2026-02-17T04:17:19.637Z",
      "side": "buy",
      "amount": 0.000014554854271464679,
      "price": 68705.6003,
      "value": 1
    },
    {
      "pair": "BTC/USDT",
      "time": "2026-02-17T04:17:19.853Z",
      "side": "buy",
      "amount": 0.00001454035740466043,
      "price": 68774.10040000001,
      "value": 1
    },
    {
      "pair": "ETH/USDT",
      "time": "2026-02-17T04:19:05.961Z",
      "side": "buy",
      "amount": 0.0005023653319050887,
      "price": 1990.58322,
      "value": 1
    },
    {
      "pair": "SOL/USDT",
      "time": "2026-02-17T04:19:05.962Z",
      "side": "buy",
      "amount": 0.011559524325574003,
      "price": 86.50874999999999,
      "value": 1
    },
    {
      "pair": "BTC/USDT",
      "time": "2026-02-17T04:19:05.964Z",
      "side": "buy",
      "amount": 0.000014577571851758339,
      "price": 68598.53,
      "value": 1
    },
    {
      "pair": "ETH/USDT",
      "time": "2026-02-17T04:19:06.170Z",
      "side": "buy",
      "amount": 0.0005013646041522896,
      "price": 1994.5564399999998,
      "value": 1
    },
    {
      "pair": "ETH/USDT",
      "time": "2026-02-17T04:19:23.423Z",
      "side": "buy",
      "amount": 0.000502385562773262,
      "price": 1990.50306,
      "value": 1
    },
    {
      "pair": "BTC/USDT",
      "time": "2026-02-17T04:19:23.424Z",
      "side": "buy",
      "amount": 0.00001457544498104755,
      "price": 68608.54,
      "value": 1
    },
    {
      "pair": "SOL/USDT",
      "time": "2026-02-17T04:19:23.425Z",
      "side": "buy",
      "amount": 0.011552827034539487,
      "price": 86.5589,
      "value": 1
    },
    {
      "pair": "ETH/USDT",
      "time": "2026-02-17T04:19:23.633Z",
      "side": "buy",
      "amount": 0.0005013847947199288,
      "price": 1994.47612,
      "value": 1
    },
    {
      "pair": "BTC/USDT",
      "time": "2026-02-17T04:19:23.634Z",
      "side": "buy",
      "amount": 0.000014560898628771054,
      "price": 68677.08,
      "value": 1
    },
    {
      "pair": "BTC/USDT",
      "time": "2026-02-17T04:19:23.846Z",
      "side": "buy",
      "amount": 0.000014546381282182052,
      "price": 68745.62,
      "value": 1
    },
    {
      "pair": "BTC/USDT",
      "time": "2026-02-17T04:19:24.057Z",
      "side": "buy",
      "amount": 0.000014531892854610155,
      "price": 68814.16,
      "value": 1
    },
    {
      "pair": "SOL/USDT",
      "time": "2026-02-17T04:19:53.428Z",
      "side": "buy",
      "amount": 0.011518375264058755,
      "price": 86.81779999999999,
      "value": 1
    },
    {
      "pair": "ETH/USDT",
      "time": "2026-02-17T04:20:03.455Z",
      "side": "buy",
      "amount": 0.0005003880058636267,
      "price": 1998.44918,
      "value": 1
    },
    {
      "pair": "ETH/USDT",
      "time": "2026-02-17T04:20:48.472Z",
      "side": "sell",
      "amount": 0.000502385562773262,
      "price": 1990.50306,
      "value": 1
    },
    {
      "pair": "BTC/USDT",
      "time": "2026-02-17T04:20:48.493Z",
      "side": "sell",
      "amount": 0.00001457544498104755,
      "price": 68608.54,
      "value": 1
    },
    {
      "pair": "ETH/USDT",
      "time": "2026-02-17T04:20:48.681Z",
      "side": "buy",
      "amount": 0.0004993951725186592,
      "price": 2002.4222399999999,
      "value": 1
    },
    {
      "pair": "SOL/USDT",
      "time": "2026-02-17T04:23:28.620Z",
      "side": "buy",
      "amount": 0.011484128360399512,
      "price": 87.07669999999999,
      "value": 1
    },
    {
      "pair": "ETH/USDT",
      "time": "2026-02-17T04:24:53.726Z",
      "side": "sell",
      "amount": 0.0005013847947199288,
      "price": 1994.47612,
      "value": 1
    },
    {
      "pair": "ETH/USDT",
      "time": "2026-02-17T04:30:13.988Z",
      "side": "buy",
      "amount": 0.0005013847947199288,
      "price": 1994.47612,
      "value": 1
    },
    {
      "pair": "BTC/USDT",
      "time": "2026-02-17T04:30:34.354Z",
      "side": "buy",
      "amount": 0.00001457544498104755,
      "price": 68608.54,
      "value": 1
    },
    {
      "pair": "BTC/USDT",
      "time": "2026-02-17T04:31:09.451Z",
      "side": "buy",
      "amount": 0.000014590020426028596,
      "price": 68540,
      "value": 1
    },
    {
      "pair": "ETH/USDT",
      "time": "2026-02-17T04:31:29.088Z",
      "side": "buy",
      "amount": 0.000502385562773262,
      "price": 1990.50306,
      "value": 1
    },
    {
      "pair": "SOL/USDT",
      "time": "2026-02-17T04:31:34.095Z",
      "side": "buy",
      "amount": 0.011587485515643106,
      "price": 86.3,
      "value": 1
    },
    {
      "pair": "BTC/USDT",
      "time": "2026-02-17T04:31:59.119Z",
      "side": "buy",
      "amount": 0.000014604625051079676,
      "price": 68471.46,
      "value": 1
    },
    {
      "pair": "ETH/USDT",
      "time": "2026-02-17T04:32:04.100Z",
      "side": "buy",
      "amount": 0.0005033903338988085,
      "price": 1986.53,
      "value": 1
    },
    {
      "pair": "BTC/USDT",
      "time": "2026-02-17T04:32:04.195Z",
      "side": "buy",
      "amount": 0.00001461925894391643,
      "price": 68402.92,
      "value": 1
    },
    {
      "pair": "BTC/USDT",
      "time": "2026-02-17T04:32:49.138Z",
      "side": "buy",
      "amount": 0.000014633922192606414,
      "price": 68334.38,
      "value": 1
    },
    {
      "pair": "BTC/USDT",
      "time": "2026-02-17T04:34:29.243Z",
      "side": "sell",
      "amount": 0.000014633922192606414,
      "price": 68334.38,
      "value": 1
    },
    {
      "pair": "ETH/USDT",
      "time": "2026-02-17T04:38:59.484Z",
      "side": "sell",
      "amount": 0.0005033903338988085,
      "price": 1986.53,
      "value": 1
    },
    {
      "pair": "BTC/USDT",
      "time": "2026-02-17T04:39:24.512Z",
      "side": "sell",
      "amount": 0.00001461925894391643,
      "price": 68402.92,
      "value": 1
    },
    {
      "pair": "SOL/USDT",
      "time": "2026-02-17T04:48:04.991Z",
      "side": "sell",
      "amount": 0.011587485515643106,
      "price": 86.3,
      "value": 1
    },
    {
      "pair": "BTC/USDT",
      "time": "2026-02-17T05:02:20.792Z",
      "side": "sell",
      "amount": 0.000014604625051079676,
      "price": 68471.46,
      "value": 1
    },
    {
      "pair": "BTC/USDT",
      "time": "2026-02-17T05:08:41.113Z",
      "side": "buy",
      "amount": 0.000014604625051079676,
      "price": 68471.46,
      "value": 1
    },
    {
      "pair": "BTC/USDT",
      "time": "2026-02-17T05:14:46.463Z",
      "side": "buy",
      "amount": 0.00001461925894391643,
      "price": 68402.92,
      "value": 1
    },
    {
      "pair": "ETH/USDT",
      "time": "2026-02-17T05:14:51.418Z",
      "side": "buy",
      "amount": 0.0005033903338988085,
      "price": 1986.53,
      "value": 1
    },
    {
      "pair": "SOL/USDT",
      "time": "2026-02-17T05:14:51.437Z",
      "side": "buy",
      "amount": 0.011587485515643106,
      "price": 86.3,
      "value": 1
    },
    {
      "pair": "BTC/USDT",
      "time": "2026-02-17T05:16:26.533Z",
      "side": "buy",
      "amount": 0.000014633922192606414,
      "price": 68334.38,
      "value": 1
    },
    {
      "pair": "ETH/USDT",
      "time": "2026-02-17T05:19:41.733Z",
      "side": "buy",
      "amount": 0.0005043991321631348,
      "price": 1982.55694,
      "value": 1
    },
    {
      "pair": "BTC/USDT",
      "time": "2026-02-17T05:19:46.757Z",
      "side": "buy",
      "amount": 0.00001464861488557088,
      "price": 68265.84,
      "value": 1
    },
    {
      "pair": "ETH/USDT",
      "time": "2026-02-17T05:19:56.761Z",
      "side": "buy",
      "amount": 0.0005054119818261129,
      "price": 1978.58388,
      "value": 1
    },
    {
      "pair": "SOL/USDT",
      "time": "2026-02-17T05:19:56.763Z",
      "side": "buy",
      "amount": 0.011622352573363194,
      "price": 86.0411,
      "value": 1
    },
    {
      "pair": "BTC/USDT",
      "time": "2026-02-17T05:20:31.809Z",
      "side": "buy",
      "amount": 0.000014663337111586528,
      "price": 68197.3,
      "value": 1
    },
    {
      "pair": "ETH/USDT",
      "time": "2026-02-17T05:23:46.948Z",
      "side": "buy",
      "amount": 0.0005064289073428657,
      "price": 1974.6108199999999,
      "value": 1
    },
    {
      "pair": "ETH/USDT",
      "time": "2026-02-17T05:32:07.380Z",
      "side": "buy",
      "amount": 0.0005074499333657343,
      "price": 1970.63776,
      "value": 1
    },
    {
      "pair": "SOL/USDT",
      "time": "2026-02-17T05:33:52.513Z",
      "side": "buy",
      "amount": 0.011657430096220427,
      "price": 85.7822,
      "value": 1
    },
    {
      "pair": "ETH/USDT",
      "time": "2026-02-17T05:41:22.889Z",
      "side": "sell",
      "amount": 0.0005074499333657343,
      "price": 1970.63776,
      "value": 1
    },
    {
      "pair": "SOL/USDT",
      "time": "2026-02-17T05:41:27.882Z",
      "side": "sell",
      "amount": 0.011657430096220427,
      "price": 85.7822,
      "value": 1
    },
    {
      "pair": "SOL/USDT",
      "time": "2026-02-17T05:45:08.096Z",
      "side": "sell",
      "amount": 0.011622352573363194,
      "price": 86.0411,
      "value": 1
    },
    {
      "pair": "BTC/USDT",
      "time": "2026-02-17T05:52:43.523Z",
      "side": "sell",
      "amount": 0.000014663337111586528,
      "price": 68197.3,
      "value": 1
    },
    {
      "pair": "ETH/USDT",
      "time": "2026-02-17T05:57:18.767Z",
      "side": "sell",
      "amount": 0.0005064289073428657,
      "price": 1974.6108199999999,
      "value": 1
    },
    {
      "pair": "SOL/USDT",
      "time": "2026-02-17T06:03:14.061Z",
      "side": "sell",
      "amount": 0.011587485515643106,
      "price": 86.3,
      "value": 1
    },
    {
      "pair": "BTC/USDT",
      "time": "2026-02-17T06:06:34.243Z",
      "side": "sell",
      "amount": 0.00001464861488557088,
      "price": 68265.84,
      "value": 1
    },
    {
      "pair": "BTC/USDT",
      "time": "2026-02-17T06:08:49.365Z",
      "side": "sell",
      "amount": 0.000014633922192606414,
      "price": 68334.38,
      "value": 1
    },
    {
      "pair": "ETH/USDT",
      "time": "2026-02-17T06:10:49.479Z",
      "side": "sell",
      "amount": 0.0005054119818261129,
      "price": 1978.58388,
      "value": 1
    },
    {
      "pair": "BTC/USDT",
      "time": "2026-02-17T06:11:14.513Z",
      "side": "sell",
      "amount": 0.00001461925894391643,
      "price": 68402.92,
      "value": 1
    },
    {
      "pair": "BTC/USDT",
      "time": "2026-02-17T06:14:19.698Z",
      "side": "buy",
      "amount": 0.00001461925894391643,
      "price": 68402.92,
      "value": 1
    },
    {
      "pair": "BTC/USDT",
      "time": "2026-02-17T06:28:50.458Z",
      "side": "sell",
      "amount": 0.00001461925894391643,
      "price": 68402.92,
      "value": 1
    },
    {
      "pair": "SOL/USDT",
      "time": "2026-02-17T06:28:50.458Z",
      "side": "sell",
      "amount": 0.011552827034539487,
      "price": 86.5589,
      "value": 1
    },
    {
      "pair": "ETH/USDT",
      "time": "2026-02-17T06:29:05.487Z",
      "side": "sell",
      "amount": 0.0005043991321631348,
      "price": 1982.55694,
      "value": 1
    },
    {
      "pair": "ETH/USDT",
      "time": "2026-02-17T06:37:10.896Z",
      "side": "buy",
      "amount": 0.0005043991321631348,
      "price": 1982.55694,
      "value": 1
    },
    {
      "pair": "BTC/USDT",
      "time": "2026-02-17T06:42:01.166Z",
      "side": "sell",
      "amount": 0.000014604625051079676,
      "price": 68471.46,
      "value": 1
    },
    {
      "pair": "BTC/USDT",
      "time": "2026-02-17T06:46:21.396Z",
      "side": "buy",
      "amount": 0.000014604625051079676,
      "price": 68471.46,
      "value": 1
    },
    {
      "pair": "SOL/USDT",
      "time": "2026-02-17T07:01:02.195Z",
      "side": "buy",
      "amount": 0.011552827034539487,
      "price": 86.5589,
      "value": 1
    },
    {
      "pair": "BTC/USDT",
      "time": "2026-02-17T07:03:17.640Z",
      "side": "buy",
      "amount": 0.00001461925894391643,
      "price": 68402.92,
      "value": 1
    },
    {
      "pair": "BTC/USDT",
      "time": "2026-02-17T07:09:32.637Z",
      "side": "buy",
      "amount": 0.000014633922192606414,
      "price": 68334.38,
      "value": 1
    },
    {
      "pair": "SOL/USDT",
      "time": "2026-02-17T07:09:37.614Z",
      "side": "buy",
      "amount": 0.011587485515643106,
      "price": 86.3,
      "value": 1
    },
    {
      "pair": "ETH/USDT",
      "time": "2026-02-17T07:09:42.649Z",
      "side": "buy",
      "amount": 0.0005054119818261129,
      "price": 1978.58388,
      "value": 1
    },
    {
      "pair": "BTC/USDT",
      "time": "2026-02-17T07:17:08.016Z",
      "side": "sell",
      "amount": 0.000014633922192606414,
      "price": 68334.38,
      "value": 1
    },
    {
      "pair": "BTC/USDT",
      "time": "2026-02-17T07:20:13.210Z",
      "side": "buy",
      "amount": 0.000014633922192606414,
      "price": 68334.38,
      "value": 1
    },
    {
      "pair": "BTC/USDT",
      "time": "2026-02-17T07:27:33.617Z",
      "side": "buy",
      "amount": 0.00001464861488557088,
      "price": 68265.84,
      "value": 1
    },
    {
      "pair": "BTC/USDT",
      "time": "2026-02-17T07:37:29.122Z",
      "side": "sell",
      "amount": 0.00001464861488557088,
      "price": 68265.84,
      "value": 1
    },
    {
      "pair": "ETH/USDT",
      "time": "2026-02-17T07:37:49.137Z",
      "side": "sell",
      "amount": 0.0005054119818261129,
      "price": 1978.58388,
      "value": 1
    },
    {
      "pair": "BTC/USDT",
      "time": "2026-02-17T07:37:49.138Z",
      "side": "sell",
      "amount": 0.000014633922192606414,
      "price": 68334.38,
      "value": 1
    },
    {
      "pair": "SOL/USDT",
      "time": "2026-02-17T07:39:09.203Z",
      "side": "sell",
      "amount": 0.011587485515643106,
      "price": 86.3,
      "value": 1
    },
    {
      "pair": "BTC/USDT",
      "time": "2026-02-17T07:39:24.236Z",
      "side": "sell",
      "amount": 0.00001461925894391643,
      "price": 68402.92,
      "value": 1
    },
    {
      "pair": "ETH/USDT",
      "time": "2026-02-17T07:49:09.746Z",
      "side": "sell",
      "amount": 0.0005043991321631348,
      "price": 1982.55694,
      "value": 1
    },
    {
      "pair": "ETH/USDT",
      "time": "2026-02-17T08:01:10.391Z",
      "side": "sell",
      "amount": 0.0005033903338988085,
      "price": 1986.53,
      "value": 1
    },
    {
      "pair": "SOL/USDT",
      "time": "2026-02-17T08:01:10.392Z",
      "side": "sell",
      "amount": 0.011552827034539487,
      "price": 86.5589,
      "value": 1
    },
    {
      "pair": "BTC/USDT",
      "time": "2026-02-17T08:12:33.716Z",
      "side": "buy",
      "amount": 0.000014576998406702005,
      "price": 68601.2286,
      "value": 1
    },
    {
      "pair": "ETH/USDT",
      "time": "2026-02-17T08:12:33.726Z",
      "side": "buy",
      "amount": 0.0005009843591180131,
      "price": 1996.0702999999996,
      "value": 1
    },
    {
      "pair": "BTC/USDT",
      "time": "2026-02-17T08:12:33.922Z",
      "side": "buy",
      "amount": 0.000014547960561270327,
      "price": 68738.1572,
      "value": 1
    },
    {
      "pair": "BTC/USDT",
      "time": "2026-02-17T08:13:11.820Z",
      "side": "buy",
      "amount": 0.000014562231040507439,
      "price": 68670.79619999998,
      "value": 1
    },
    {
      "pair": "SOL/USDT",
      "time": "2026-02-17T08:13:11.821Z",
      "side": "buy",
      "amount": 0.011489398272637907,
      "price": 87.03676,
      "value": 1
    },
    {
      "pair": "ETH/USDT",
      "time": "2026-02-17T08:13:11.823Z",
      "side": "buy",
      "amount": 0.000499949692562186,
      "price": 2000.2012499999998,
      "value": 1
    },
    {
      "pair": "BTC/USDT",
      "time": "2026-02-17T08:15:21.952Z",
      "side": "buy",
      "amount": 0.000014605917733628958,
      "price": 68465.4,
      "value": 1
    },
    {
      "pair": "ETH/USDT",
      "time": "2026-02-17T08:19:52.132Z",
      "side": "buy",
      "amount": 0.0005024494410249969,
      "price": 1990.25,
      "value": 1
    },
    {
      "pair": "ETH/USDT",
      "time": "2026-02-17T08:36:42.815Z",
      "side": "buy",
      "amount": 0.0005049743125879366,
      "price": 1980.29875,
      "value": 1
    },
    {
      "pair": "BTC/USDT",
      "time": "2026-02-17T08:36:47.814Z",
      "side": "buy",
      "amount": 0.000014649867335635867,
      "price": 68260.00379999999,
      "value": 1
    },
    {
      "pair": "SOL/USDT",
      "time": "2026-02-17T08:51:38.480Z",
      "side": "buy",
      "amount": 0.01158168259611291,
      "price": 86.34324,
      "value": 1
    },
    {
      "pair": "BTC/USDT",
      "time": "2026-02-17T10:16:21.976Z",
      "side": "buy",
      "amount": 0.000014694082226990904,
      "price": 68054.60759999999,
      "value": 1
    },
    {
      "pair": "ETH/USDT",
      "time": "2026-02-17T10:16:37.015Z",
      "side": "buy",
      "amount": 0.0005075246879040372,
      "price": 1970.3475,
      "value": 1
    },
    {
      "pair": "SOL/USDT",
      "time": "2026-02-17T10:18:37.067Z",
      "side": "buy",
      "amount": 0.011675461402559168,
      "price": 85.64972,
      "value": 1
    },
    {
      "pair": "BTC/USDT",
      "time": "2026-02-17T10:51:03.434Z",
      "side": "buy",
      "amount": 0.000014738564816981793,
      "price": 67849.2114,
      "value": 1
    },
    {
      "pair": "BTC/USDT",
      "time": "2026-02-17T11:22:18.490Z",
      "side": "buy",
      "amount": 0.000014690499930463988,
      "price": 68071.2028,
      "value": 1
    },
    {
      "pair": "ETH/USDT",
      "time": "2026-02-17T11:22:43.903Z",
      "side": "buy",
      "amount": 0.0005054094606333413,
      "price": 1978.5937499999998,
      "value": 1
    },
    {
      "pair": "SOL/USDT",
      "time": "2026-02-17T11:24:03.549Z",
      "side": "buy",
      "amount": 0.011727492479159073,
      "price": 85.26972,
      "value": 1
    },
    {
      "pair": "BTC/USDT",
      "time": "2026-02-17T11:25:53.638Z",
      "side": "buy",
      "amount": 0.000014734571430255378,
      "price": 67867.6,
      "value": 1
    },
    {
      "pair": "BTC/USDT",
      "time": "2026-02-17T12:05:50.299Z",
      "side": "buy",
      "amount": 0.000014646691282560019,
      "price": 68274.8056,
      "value": 1
    },
    {
      "pair": "BTC/USDT",
      "time": "2026-02-17T12:07:10.385Z",
      "side": "sell",
      "amount": 0.000014734571430255378,
      "price": 67867.6,
      "value": 1
    },
    {
      "pair": "BTC/USDT",
      "time": "2026-02-17T12:07:40.396Z",
      "side": "buy",
      "amount": 0.00001460314314197758,
      "price": 68478.4084,
      "value": 1
    },
    {
      "pair": "DOGE/USDT",
      "time": "2026-02-17T12:27:11.224Z",
      "side": "buy",
      "amount": 10.008076517749824,
      "price": 0.0999193,
      "value": 1
    },
    {
      "pair": "BTC/USDT",
      "time": "2026-02-17T12:35:36.574Z",
      "side": "sell",
      "amount": 0.000014690499930463988,
      "price": 68071.2028,
      "value": 1
    },
    {
      "pair": "SOL/USDT",
      "time": "2026-02-17T12:36:36.613Z",
      "side": "buy",
      "amount": 0.011634785028730938,
      "price": 85.94916,
      "value": 1
    },
    {
      "pair": "BTC/USDT",
      "time": "2026-02-17T12:57:42.582Z",
      "side": "buy",
      "amount": 0.000014690499930463988,
      "price": 68071.2028,
      "value": 1
    },
    {
      "pair": "BTC/USDT",
      "time": "2026-02-17T13:04:12.849Z",
      "side": "buy",
      "amount": 0.000014734571430255378,
      "price": 67867.6,
      "value": 1
    },
    {
      "pair": "BTC/USDT",
      "time": "2026-02-17T13:10:08.113Z",
      "side": "sell",
      "amount": 0.000014734571430255378,
      "price": 67867.6,
      "value": 1
    },
    {
      "pair": "ETH/USDT",
      "time": "2026-02-17T13:10:18.139Z",
      "side": "buy",
      "amount": 0.0005029074336005029,
      "price": 1988.4375,
      "value": 1
    },
    {
      "pair": "ETH/USDT",
      "time": "2026-02-17T13:11:18.557Z",
      "side": "sell",
      "amount": 0.0005054094606333413,
      "price": 1978.5937499999998,
      "value": 1
    },
    {
      "pair": "BTC/USDT",
      "time": "2026-02-17T13:23:53.723Z",
      "side": "sell",
      "amount": 0.000014690499930463988,
      "price": 68071.2028,
      "value": 1
    },
    {
      "pair": "ETH/USDT",
      "time": "2026-02-17T13:24:53.772Z",
      "side": "buy",
      "amount": 0.0005004300570803034,
      "price": 1998.2812499999998,
      "value": 1
    },
    {
      "pair": "BTC/USDT",
      "time": "2026-02-17T13:24:53.773Z",
      "side": "buy",
      "amount": 0.000014559853191951954,
      "price": 68682.01120000001,
      "value": 1
    },
    {
      "pair": "BTC/USDT",
      "time": "2026-02-17T13:31:59.078Z",
      "side": "buy",
      "amount": 0.000014690499930463988,
      "price": 68071.2028,
      "value": 1
    },
    {
      "pair": "BTC/USDT",
      "time": "2026-02-17T13:50:54.916Z",
      "side": "sell",
      "amount": 0.000014690499930463988,
      "price": 68071.2028,
      "value": 1
    },
    {
      "pair": "ETH/USDT",
      "time": "2026-02-17T13:51:34.944Z",
      "side": "sell",
      "amount": 0.0005029074336005029,
      "price": 1988.4375,
      "value": 1
    },
    {
      "pair": "ETH/USDT",
      "time": "2026-02-17T13:52:09.948Z",
      "side": "buy",
      "amount": 0.0004979769685652039,
      "price": 2008.125,
      "value": 1
    },
    {
      "pair": "BTC/USDT",
      "time": "2026-02-17T14:31:06.702Z",
      "side": "buy",
      "amount": 0.000014690499930463988,
      "price": 68071.2028,
      "value": 1
    },
    {
      "pair": "BTC/USDT",
      "time": "2026-02-17T14:31:46.701Z",
      "side": "sell",
      "amount": 0.000014690499930463988,
      "price": 68071.2028,
      "value": 1
    },
    {
      "pair": "BTC/USDT",
      "time": "2026-02-17T14:32:56.768Z",
      "side": "buy",
      "amount": 0.000014690499930463988,
      "price": 68071.2028,
      "value": 1
    },
    {
      "pair": "ETH/USDT",
      "time": "2026-02-17T14:38:32.027Z",
      "side": "buy",
      "amount": 0.0005029074336005029,
      "price": 1988.4375,
      "value": 1
    },
    {
      "pair": "BTC/USDT",
      "time": "2026-02-17T14:38:47.026Z",
      "side": "buy",
      "amount": 0.000014734571430255378,
      "price": 67867.6,
      "value": 1
    },
    {
      "pair": "BTC/USDT",
      "time": "2026-02-17T14:39:02.069Z",
      "side": "buy",
      "amount": 0.000014778908154719535,
      "price": 67663.99720000001,
      "value": 1
    },
    {
      "pair": "ETH/USDT",
      "time": "2026-02-17T14:40:22.090Z",
      "side": "buy",
      "amount": 0.0005054094606333413,
      "price": 1978.5937499999998,
      "value": 1
    },
    {
      "pair": "SOL/USDT",
      "time": "2026-02-17T14:41:47.158Z",
      "side": "buy",
      "amount": 0.011821689205899306,
      "price": 84.59028,
      "value": 1
    },
    {
      "pair": "BTC/USDT",
      "time": "2026-02-17T14:41:52.576Z",
      "side": "buy",
      "amount": 0.0000148235125052871,
      "price": 67460.3944,
      "value": 1
    },
    {
      "pair": "ETH/USDT",
      "time": "2026-02-17T14:42:57.207Z",
      "side": "buy",
      "amount": 0.0005079365079365079,
      "price": 1968.75,
      "value": 1
    },
    {
      "pair": "BTC/USDT",
      "time": "2026-02-17T14:43:32.210Z",
      "side": "buy",
      "amount": 0.000014868386912467586,
      "price": 67256.79160000001,
      "value": 1
    },
    {
      "pair": "BTC/USDT",
      "time": "2026-02-17T14:45:32.291Z",
      "side": "buy",
      "amount": 0.00001491353383629087,
      "price": 67053.1888,
      "value": 1
    },
    {
      "pair": "SOL/USDT",
      "time": "2026-02-17T14:45:42.313Z",
      "side": "buy",
      "amount": 0.011917411385704159,
      "price": 83.91084000000001,
      "value": 1
    },
    {
      "pair": "ETH/USDT",
      "time": "2026-02-17T14:45:57.311Z",
      "side": "buy",
      "amount": 0.000510488952700008,
      "price": 1958.90625,
      "value": 1
    },
    {
      "pair": "BTC/USDT",
      "time": "2026-02-17T15:09:08.249Z",
      "side": "sell",
      "amount": 0.00001491353383629087,
      "price": 67053.1888,
      "value": 1
    },
    {
      "pair": "BTC/USDT",
      "time": "2026-02-17T15:13:38.475Z",
      "side": "buy",
      "amount": 0.00001491353383629087,
      "price": 67053.1888,
      "value": 1
    },
    {
      "pair": "ETH/USDT",
      "time": "2026-02-17T15:19:03.689Z",
      "side": "sell",
      "amount": 0.000510488952700008,
      "price": 1958.90625,
      "value": 1
    },
    {
      "pair": "BTC/USDT",
      "time": "2026-02-17T15:20:03.727Z",
      "side": "sell",
      "amount": 0.00001491353383629087,
      "price": 67053.1888,
      "value": 1
    },
    {
      "pair": "BTC/USDT",
      "time": "2026-02-17T15:23:53.982Z",
      "side": "buy",
      "amount": 0.00001491353383629087,
      "price": 67053.1888,
      "value": 1
    },
    {
      "pair": "ETH/USDT",
      "time": "2026-02-17T15:25:39.101Z",
      "side": "buy",
      "amount": 0.000510488952700008,
      "price": 1958.90625,
      "value": 1
    },
    {
      "pair": "BTC/USDT",
      "time": "2026-02-17T15:33:29.293Z",
      "side": "buy",
      "amount": 0.000014958955766756728,
      "price": 66849.58600000001,
      "value": 1
    },
    {
      "pair": "ETH/USDT",
      "time": "2026-02-17T15:33:29.303Z",
      "side": "buy",
      "amount": 0.0005130671797338464,
      "price": 1949.0625,
      "value": 1
    },
    {
      "pair": "ETH/USDT",
      "time": "2026-02-17T15:37:19.451Z",
      "side": "sell",
      "amount": 0.0005130671797338464,
      "price": 1949.0625,
      "value": 1
    },
    {
      "pair": "BTC/USDT",
      "time": "2026-02-17T15:37:19.453Z",
      "side": "sell",
      "amount": 0.000014958955766756728,
      "price": 66849.58600000001,
      "value": 1
    },
    {
      "pair": "BTC/USDT",
      "time": "2026-02-17T15:47:14.885Z",
      "side": "sell",
      "amount": 0.00001491353383629087,
      "price": 67053.1888,
      "value": 1
    },
    {
      "pair": "ETH/USDT",
      "time": "2026-02-17T15:51:55.086Z",
      "side": "sell",
      "amount": 0.000510488952700008,
      "price": 1958.90625,
      "value": 1
    },
    {
      "pair": "BTC/USDT",
      "time": "2026-02-17T15:51:55.097Z",
      "side": "sell",
      "amount": 0.000014868386912467586,
      "price": 67256.79160000001,
      "value": 1
    },
    {
      "pair": "ETH/USDT",
      "time": "2026-02-17T16:01:50.540Z",
      "side": "sell",
      "amount": 0.0005079365079365079,
      "price": 1968.75,
      "value": 1
    },
    {
      "pair": "BTC/USDT",
      "time": "2026-02-17T16:01:55.572Z",
      "side": "sell",
      "amount": 0.0000148235125052871,
      "price": 67460.3944,
      "value": 1
    },
    {
      "pair": "BTC/USDT",
      "time": "2026-02-17T16:02:05.540Z",
      "side": "sell",
      "amount": 0.000014778908154719535,
      "price": 67663.99720000001,
      "value": 1
    },
    {
      "pair": "ETH/USDT",
      "time": "2026-02-17T16:02:10.567Z",
      "side": "sell",
      "amount": 0.0005054094606333413,
      "price": 1978.5937499999998,
      "value": 1
    },
    {
      "pair": "ETH/USDT",
      "time": "2026-02-17T16:05:55.719Z",
      "side": "sell",
      "amount": 0.0005029074336005029,
      "price": 1988.4375,
      "value": 1
    },
    {
      "pair": "SOL/USDT",
      "time": "2026-02-17T16:06:15.957Z",
      "side": "sell",
      "amount": 0.011821689205899306,
      "price": 84.59028,
      "value": 1
    },
    {
      "pair": "SOL/USDT",
      "time": "2026-02-17T16:22:16.365Z",
      "side": "buy",
      "amount": 0.011821689205899306,
      "price": 84.59028,
      "value": 1
    },
    {
      "pair": "ETH/USDT",
      "time": "2026-02-17T16:22:16.375Z",
      "side": "buy",
      "amount": 0.0005029074336005029,
      "price": 1988.4375,
      "value": 1
    },
    {
      "pair": "SOL/USDT",
      "time": "2026-02-17T16:22:21.372Z",
      "side": "sell",
      "amount": 0.011917411385704159,
      "price": 83.91084000000001,
      "value": 1
    },
    {
      "pair": "BTC/USDT",
      "time": "2026-02-17T16:29:16.724Z",
      "side": "buy",
      "amount": 0.000014778908154719535,
      "price": 67663.99720000001,
      "value": 1
    },
    {
      "pair": "BTC/USDT",
      "time": "2026-02-17T16:34:51.918Z",
      "side": "sell",
      "amount": 0.000014778908154719535,
      "price": 67663.99720000001,
      "value": 1
    },
    {
      "pair": "ETH/USDT",
      "time": "2026-02-17T16:34:51.921Z",
      "side": "sell",
      "amount": 0.0005029074336005029,
      "price": 1988.4375,
      "value": 1
    },
    {
      "pair": "SOL/USDT",
      "time": "2026-02-17T16:35:31.966Z",
      "side": "sell",
      "amount": 0.011821689205899306,
      "price": 84.59028,
      "value": 1
    },
    {
      "pair": "BTC/USDT",
      "time": "2026-02-17T16:36:07.047Z",
      "side": "sell",
      "amount": 0.000014734571430255378,
      "price": 67867.6,
      "value": 1
    },
    {
      "pair": "ETH/USDT",
      "time": "2026-02-17T16:36:27.001Z",
      "side": "sell",
      "amount": 0.0005004300570803034,
      "price": 1998.2812499999998,
      "value": 1
    },
    {
      "pair": "ETH/USDT",
      "time": "2026-02-17T16:44:02.350Z",
      "side": "buy",
      "amount": 0.0005004300570803034,
      "price": 1998.2812499999998,
      "value": 1
    },
    {
      "pair": "BTC/USDT",
      "time": "2026-02-17T16:44:02.352Z",
      "side": "buy",
      "amount": 0.000014734571430255378,
      "price": 67867.6,
      "value": 1
    },
    {
      "pair": "BTC/USDT",
      "time": "2026-02-17T16:49:52.645Z",
      "side": "buy",
      "amount": 0.000014778908154719535,
      "price": 67663.99720000001,
      "value": 1
    },
    {
      "pair": "ETH/USDT",
      "time": "2026-02-17T16:51:22.654Z",
      "side": "buy",
      "amount": 0.0005029074336005029,
      "price": 1988.4375,
      "value": 1
    },
    {
      "pair": "BTC/USDT",
      "time": "2026-02-17T16:55:52.849Z",
      "side": "sell",
      "amount": 0.000014778908154719535,
      "price": 67663.99720000001,
      "value": 1
    },
    {
      "pair": "SOL/USDT",
      "time": "2026-02-17T16:57:42.941Z",
      "side": "buy",
      "amount": 0.011821689205899306,
      "price": 84.59028,
      "value": 1
    },
    {
      "pair": "BTC/USDT",
      "time": "2026-02-17T16:57:47.918Z",
      "side": "buy",
      "amount": 0.000014778908154719535,
      "price": 67663.99720000001,
      "value": 1
    },
    {
      "pair": "BTC/USDT",
      "time": "2026-02-17T17:10:38.495Z",
      "side": "buy",
      "amount": 0.0000148235125052871,
      "price": 67460.3944,
      "value": 1
    },
    {
      "pair": "ETH/USDT",
      "time": "2026-02-17T17:10:38.511Z",
      "side": "buy",
      "amount": 0.0005054094606333413,
      "price": 1978.5937499999998,
      "value": 1
    },
    {
      "pair": "SOL/USDT",
      "time": "2026-02-17T17:10:58.501Z",
      "side": "buy",
      "amount": 0.011917411385704159,
      "price": 83.91084000000001,
      "value": 1
    },
    {
      "pair": "ETH/USDT",
      "time": "2026-02-17T17:11:38.558Z",
      "side": "buy",
      "amount": 0.0005079365079365079,
      "price": 1968.75,
      "value": 1
    },
    {
      "pair": "BTC/USDT",
      "time": "2026-02-17T17:12:08.558Z",
      "side": "buy",
      "amount": 0.000014868386912467586,
      "price": 67256.79160000001,
      "value": 1
    },
    {
      "pair": "BTC/USDT",
      "time": "2026-02-17T17:18:58.873Z",
      "side": "sell",
      "amount": 0.000014868386912467586,
      "price": 67256.79160000001,
      "value": 1
    },
    {
      "pair": "ETH/USDT",
      "time": "2026-02-17T17:29:39.339Z",
      "side": "sell",
      "amount": 0.0005079365079365079,
      "price": 1968.75,
      "value": 1
    },
    {
      "pair": "ETH/USDT",
      "time": "2026-02-17T17:34:19.549Z",
      "side": "buy",
      "amount": 0.0005079365079365079,
      "price": 1968.75,
      "value": 1
    },
    {
      "pair": "BTC/USDT",
      "time": "2026-02-17T17:34:19.550Z",
      "side": "buy",
      "amount": 0.000014868386912467586,
      "price": 67256.79160000001,
      "value": 1
    },
    {
      "pair": "BTC/USDT",
      "time": "2026-02-17T17:45:10.035Z",
      "side": "buy",
      "amount": 0.00001491353383629087,
      "price": 67053.1888,
      "value": 1
    },
    {
      "pair": "BTC/USDT",
      "time": "2026-02-17T17:49:00.198Z",
      "side": "sell",
      "amount": 0.00001491353383629087,
      "price": 67053.1888,
      "value": 1
    },
    {
      "pair": "BTC/USDT",
      "time": "2026-02-17T18:04:43.091Z",
      "side": "buy",
      "amount": 0.000029609825920058162,
      "price": 67545.1455,
      "value": 2
    },
    {
      "pair": "ETH/USDT",
      "time": "2026-02-17T18:20:18.748Z",
      "side": "buy",
      "amount": 0.0010096310727289763,
      "price": 1980.9216000000001,
      "value": 2
    },
    {
      "pair": "BTC/USDT",
      "time": "2026-02-17T18:21:08.796Z",
      "side": "buy",
      "amount": 0.00002946324262342421,
      "price": 67881.191,
      "value": 2
    },
    {
      "pair": "ETH/USDT",
      "time": "2026-02-17T18:22:08.813Z",
      "side": "buy",
      "amount": 0.0010016812217626065,
      "price": 1996.6432,
      "value": 2
    },
    {
      "pair": "ETH/USDT",
      "time": "2026-02-17T18:22:43.851Z",
      "side": "sell",
      "amount": 0.0010096310727289763,
      "price": 1980.9216000000001,
      "value": 2
    },
    {
      "pair": "BTC/USDT",
      "time": "2026-02-17T18:22:43.855Z",
      "side": "sell",
      "amount": 0.000029609825920058162,
      "price": 67545.1455,
      "value": 2
    },
    {
      "pair": "BTC/USDT",
      "time": "2026-02-17T18:40:14.593Z",
      "side": "buy",
      "amount": 0.000029318103497200447,
      "price": 68217.2365,
      "value": 2
    },
    {
      "pair": "ETH/USDT",
      "time": "2026-02-17T18:40:19.592Z",
      "side": "buy",
      "amount": 0.000993855587217586,
      "price": 2012.3648,
      "value": 2
    },
    {
      "pair": "ETH/USDT",
      "time": "2026-02-17T18:40:54.619Z",
      "side": "sell",
      "amount": 0.0010016812217626065,
      "price": 1996.6432,
      "value": 2
    },
    {
      "pair": "BTC/USDT",
      "time": "2026-02-17T18:41:09.625Z",
      "side": "sell",
      "amount": 0.00002946324262342421,
      "price": 67881.191,
      "value": 2
    },
    {
      "pair": "BTC/USDT",
      "time": "2026-02-17T19:15:21.066Z",
      "side": "buy",
      "amount": 0.000029174387303586716,
      "price": 68553.282,
      "value": 2
    },
    {
      "pair": "BTC/USDT",
      "time": "2026-02-17T20:03:53.154Z",
      "side": "buy",
      "amount": 0.00002946324262342421,
      "price": 67881.191,
      "value": 2
    },
    {
      "pair": "ETH/USDT",
      "time": "2026-02-17T20:31:49.336Z",
      "side": "buy",
      "amount": 0.0010016812217626065,
      "price": 1996.6432,
      "value": 2
    },
    {
      "pair": "BTC/USDT",
      "time": "2026-02-17T22:20:30.315Z",
      "side": "buy",
      "amount": 0.0000294081970158635,
      "price": 68008.24949999999,
      "value": 2
    },
    {
      "pair": "BTC/USDT",
      "time": "2026-02-17T23:01:31.867Z",
      "side": "buy",
      "amount": 0.000029555238000942814,
      "price": 67669.9,
      "value": 2
    },
    {
      "pair": "ETH/USDT",
      "time": "2026-02-17T23:08:42.112Z",
      "side": "buy",
      "amount": 0.000999925005624578,
      "price": 2000.15,
      "value": 2
    },
    {
      "pair": "BTC/USDT",
      "time": "2026-02-18T01:04:51.513Z",
      "side": "buy",
      "amount": 0.000029703756784867147,
      "price": 67331.5505,
      "value": 2
    },
    {
      "pair": "ETH/USDT",
      "time": "2026-02-18T01:04:51.522Z",
      "side": "buy",
      "amount": 0.0010079889169602601,
      "price": 1984.1488000000002,
      "value": 2
    },
    {
      "pair": "ETH/USDT",
      "time": "2026-02-18T02:36:49.987Z",
      "side": "sell",
      "amount": 0.0010079889169602601,
      "price": 1984.1488000000002,
      "value": 2
    },
    {
      "pair": "BTC/USDT",
      "time": "2026-02-18T03:26:56.841Z",
      "side": "sell",
      "amount": 0.000029703756784867147,
      "price": 67331.5505,
      "value": 2
    },
    {
      "pair": "BTC/USDT",
      "time": "2026-02-18T04:54:15.177Z",
      "side": "sell",
      "amount": 0.000029555238000942814,
      "price": 67669.9,
      "value": 2
    },
    {
      "pair": "ETH/USDT",
      "time": "2026-02-18T06:27:58.696Z",
      "side": "buy",
      "amount": 0.000991989092881526,
      "price": 2016.1512,
      "value": 2
    },
    {
      "pair": "ETH/USDT",
      "time": "2026-02-18T07:40:06.391Z",
      "side": "sell",
      "amount": 0.000999925005624578,
      "price": 2000.15,
      "value": 2
    },
    {
      "pair": "BTC/USDT",
      "time": "2026-02-18T07:43:36.528Z",
      "side": "buy",
      "amount": 0.000029262611882121595,
      "price": 68346.599,
      "value": 2
    },
    {
      "pair": "BTC/USDT",
      "time": "2026-02-18T07:48:11.698Z",
      "side": "sell",
      "amount": 0.0000294081970158635,
      "price": 68008.24949999999,
      "value": 2
    },
    {
      "pair": "ETH/USDT",
      "time": "2026-02-18T07:49:01.746Z",
      "side": "buy",
      "amount": 0.0009841781551423012,
      "price": 2032.1524000000002,
      "value": 2
    },
    {
      "pair": "BTC/USDT",
      "time": "2026-02-18T08:16:47.820Z",
      "side": "buy",
      "amount": 0.00002911846108467273,
      "price": 68684.94849999998,
      "value": 2
    },
    {
      "pair": "ETH/USDT",
      "time": "2026-02-18T08:17:13.079Z",
      "side": "sell",
      "amount": 0.000991989092881526,
      "price": 2016.1512,
      "value": 2
    },
    {
      "pair": "ETH/USDT",
      "time": "2026-02-18T08:26:23.231Z",
      "side": "buy",
      "amount": 0.000976489263305252,
      "price": 2048.1536,
      "value": 2
    },
    {
      "pair": "ETH/USDT",
      "time": "2026-02-18T10:30:53.021Z",
      "side": "buy",
      "amount": 0.000991989092881526,
      "price": 2016.1512,
      "value": 2
    },
    {
      "pair": "BTC/USDT",
      "time": "2026-02-18T10:43:28.476Z",
      "side": "buy",
      "amount": 0.0000294081970158635,
      "price": 68008.24949999999,
      "value": 2
    },
    {
      "pair": "ETH/USDT",
      "time": "2026-02-18T11:06:59.289Z",
      "side": "buy",
      "amount": 0.000999925005624578,
      "price": 2000.15,
      "value": 2
    },
    {
      "pair": "BTC/USDT",
      "time": "2026-02-18T11:08:24.340Z",
      "side": "buy",
      "amount": 0.000029555238000942814,
      "price": 67669.9,
      "value": 2
    },
    {
      "pair": "BTC/USDT",
      "time": "2026-02-18T11:09:29.373Z",
      "side": "buy",
      "amount": 0.000029703756784867147,
      "price": 67331.5505,
      "value": 2
    },
    {
      "pair": "BTC/USDT",
      "time": "2026-02-18T11:31:40.206Z",
      "side": "sell",
      "amount": 0.000029703756784867147,
      "price": 67331.5505,
      "value": 2
    },
    {
      "pair": "ETH/USDT",
      "time": "2026-02-18T12:32:37.397Z",
      "side": "buy",
      "amount": 0.0010079889169602601,
      "price": 1984.1488000000002,
      "value": 2
    },
    {
      "pair": "BTC/USDT",
      "time": "2026-02-18T13:47:55.033Z",
      "side": "buy",
      "amount": 0.000029703756784867147,
      "price": 67331.5505,
      "value": 2
    },
    {
      "pair": "ETH/USDT",
      "time": "2026-02-18T14:48:17.109Z",
      "side": "buy",
      "amount": 0.0010161839488054655,
      "price": 1968.1476,
      "value": 2
    },
    {
      "pair": "BTC/USDT",
      "time": "2026-02-18T14:48:52.066Z",
      "side": "buy",
      "amount": 0.000029853775758528098,
      "price": 66993.20099999999,
      "value": 2
    },
    {
      "pair": "BTC/USDT",
      "time": "2026-02-18T14:48:52.115Z",
      "side": "buy",
      "amount": 0.000029853775758528098,
      "price": 66993.20099999999,
      "value": 2
    },
    {
      "pair": "BTC/USDT",
      "time": "2026-02-18T14:54:47.324Z",
      "side": "sell",
      "amount": 0.000029853775758528098,
      "price": 66993.20099999999,
      "value": 2
    },
    {
      "pair": "ETH/USDT",
      "time": "2026-02-18T15:00:27.519Z",
      "side": "sell",
      "amount": 0.0010161839488054655,
      "price": 1968.1476,
      "value": 2
    },
    {
      "pair": "BTC/USDT",
      "time": "2026-02-18T15:05:12.707Z",
      "side": "sell",
      "amount": 0.000029703756784867147,
      "price": 67331.5505,
      "value": 2
    },
    {
      "pair": "ETH/USDT",
      "time": "2026-02-18T15:05:12.708Z",
      "side": "sell",
      "amount": 0.0010079889169602601,
      "price": 1984.1488000000002,
      "value": 2
    },
    {
      "pair": "BTC/USDT",
      "time": "2026-02-18T15:37:33.791Z",
      "side": "sell",
      "amount": 0.000029555238000942814,
      "price": 67669.9,
      "value": 2
    },
    {
      "pair": "BTC/USDT",
      "time": "2026-02-18T15:40:33.879Z",
      "side": "sell",
      "amount": 0.0000294081970158635,
      "price": 68008.24949999999,
      "value": 2
    },
    {
      "pair": "ETH/USDT",
      "time": "2026-02-18T15:40:58.878Z",
      "side": "sell",
      "amount": 0.000999925005624578,
      "price": 2000.15,
      "value": 2
    },
    {
      "pair": "BTC/USDT",
      "time": "2026-02-18T15:51:14.268Z",
      "side": "buy",
      "amount": 0.0000294081970158635,
      "price": 68008.24949999999,
      "value": 2
    },
    {
      "pair": "ETH/USDT",
      "time": "2026-02-18T15:52:14.290Z",
      "side": "buy",
      "amount": 0.000999925005624578,
      "price": 2000.15,
      "value": 2
    },
    {
      "pair": "BTC/USDT",
      "time": "2026-02-18T16:03:39.738Z",
      "side": "buy",
      "amount": 0.000029555238000942814,
      "price": 67669.9,
      "value": 2
    },
    {
      "pair": "ETH/USDT",
      "time": "2026-02-18T16:03:39.761Z",
      "side": "buy",
      "amount": 0.0010079889169602601,
      "price": 1984.1488000000002,
      "value": 2
    },
    {
      "pair": "BTC/USDT",
      "time": "2026-02-18T16:05:54.858Z",
      "side": "buy",
      "amount": 0.000029703756784867147,
      "price": 67331.5505,
      "value": 2
    },
    {
      "pair": "BTC/USDT",
      "time": "2026-02-18T18:20:39.353Z",
      "side": "buy",
      "amount": 0.000029853775758528098,
      "price": 66993.20099999999,
      "value": 2
    },
    {
      "pair": "ETH/USDT",
      "time": "2026-02-18T18:22:44.394Z",
      "side": "buy",
      "amount": 0.0010161839488054655,
      "price": 1968.1476,
      "value": 2
    },
    {
      "pair": "BTC/USDT",
      "time": "2026-02-18T18:42:11.479Z",
      "side": "buy",
      "amount": 0.000029874199744874336,
      "price": 66947.4,
      "value": 2
    },
    {
      "pair": "ETH/USDT",
      "time": "2026-02-18T18:42:16.526Z",
      "side": "buy",
      "amount": 0.0010143685302307181,
      "price": 1971.67,
      "value": 2
    },
    {
      "pair": "BTC/USDT",
      "time": "2026-02-18T18:43:11.514Z",
      "side": "buy",
      "amount": 0.000030024321351632498,
      "price": 66612.663,
      "value": 2
    },
    {
      "pair": "ETH/USDT",
      "time": "2026-02-18T19:25:23.107Z",
      "side": "buy",
      "amount": 0.0010225489216035464,
      "price": 1955.8966400000002,
      "value": 2
    },
    {
      "pair": "BTC/USDT",
      "time": "2026-02-18T19:34:18.447Z",
      "side": "buy",
      "amount": 0.000030175959338256907,
      "price": 66277.92599999999,
      "value": 2
    },
    {
      "pair": "ETH/USDT",
      "time": "2026-02-18T19:40:08.686Z",
      "side": "buy",
      "amount": 0.001030862327470242,
      "price": 1940.12328,
      "value": 2
    },
    {
      "pair": "BTC/USDT",
      "time": "2026-02-18T20:31:55.599Z",
      "side": "sell",
      "amount": 0.000030175959338256907,
      "price": 66277.92599999999,
      "value": 2
    },
    {
      "pair": "ETH/USDT",
      "time": "2026-02-18T20:33:45.674Z",
      "side": "sell",
      "amount": 0.001030862327470242,
      "price": 1940.12328,
      "value": 2
    },
    {
      "pair": "BTC/USDT",
      "time": "2026-02-18T21:07:21.975Z",
      "side": "buy",
      "amount": 0.000030175959338256907,
      "price": 66277.92599999999,
      "value": 2
    },
    {
      "pair": "BTC/USDT",
      "time": "2026-02-18T21:34:47.986Z",
      "side": "sell",
      "amount": 0.000030175959338256907,
      "price": 66277.92599999999,
      "value": 2
    },
    {
      "pair": "ETH/USDT",
      "time": "2026-02-19T01:17:36.298Z",
      "side": "sell",
      "amount": 0.0010225489216035464,
      "price": 1955.8966400000002,
      "value": 2
    },
    {
      "pair": "BTC/USDT",
      "time": "2026-02-19T01:36:17.012Z",
      "side": "sell",
      "amount": 0.000030024321351632498,
      "price": 66612.663,
      "value": 2
    },
    {
      "pair": "BTC/USDT",
      "time": "2026-02-19T02:25:18.859Z",
      "side": "buy",
      "amount": 0.000029725571885447104,
      "price": 67282.13699999999,
      "value": 2
    },
    {
      "pair": "ETH/USDT",
      "time": "2026-02-19T04:04:22.586Z",
      "side": "buy",
      "amount": 0.0010063179863399982,
      "price": 1987.44336,
      "value": 2
    },
    {
      "pair": "BTC/USDT",
      "time": "2026-02-19T06:19:52.643Z",
      "side": "sell",
      "amount": 0.000029874199744874336,
      "price": 66947.4,
      "value": 2
    },
    {
      "pair": "ETH/USDT",
      "time": "2026-02-19T06:21:37.714Z",
      "side": "sell",
      "amount": 0.0010143685302307181,
      "price": 1971.67,
      "value": 2
    },
    {
      "pair": "BTC/USDT",
      "time": "2026-02-19T07:30:55.446Z",
      "side": "buy",
      "amount": 0.00002957841558898449,
      "price": 67616.874,
      "value": 2
    },
    {
      "pair": "ETH/USDT",
      "time": "2026-02-19T09:48:30.720Z",
      "side": "buy",
      "amount": 0.0010143685302307181,
      "price": 1971.67,
      "value": 2
    },
    {
      "pair": "BTC/USDT",
      "time": "2026-02-19T09:49:05.747Z",
      "side": "buy",
      "amount": 0.000029874199744874336,
      "price": 66947.4,
      "value": 2
    },
    {
      "pair": "ETH/USDT",
      "time": "2026-02-19T12:01:15.631Z",
      "side": "buy",
      "amount": 0.0010225489216035464,
      "price": 1955.8966400000002,
      "value": 2
    },
    {
      "pair": "BTC/USDT",
      "time": "2026-02-19T12:04:20.736Z",
      "side": "buy",
      "amount": 0.000030024321351632498,
      "price": 66612.663,
      "value": 2
    },
    {
      "pair": "XRP/USDT",
      "time": "2026-02-19T13:29:29.059Z",
      "side": "buy",
      "amount": 3.5785857429144,
      "price": 1.3972,
      "value": 5
    },
    {
      "pair": "SOL/USDT",
      "time": "2026-02-19T13:39:44.600Z",
      "side": "buy",
      "amount": 0.024963490894566696,
      "price": 80.117,
      "value": 2
    },
    {
      "pair": "ETH/USDT",
      "time": "2026-02-19T13:40:04.613Z",
      "side": "buy",
      "amount": 0.0010385995523635929,
      "price": 1925.67,
      "value": 2
    },
    {
      "pair": "DOGE/USDT",
      "time": "2026-02-19T13:40:14.639Z",
      "side": "buy",
      "amount": 51.557022066405445,
      "price": 0.09698,
      "value": 5
    },
    {
      "pair": "ETH/USDT",
      "time": "2026-02-19T13:43:29.821Z",
      "side": "buy",
      "amount": 0.0010438413361169101,
      "price": 1916,
      "value": 2
    },
    {
      "pair": "XRP/USDT",
      "time": "2026-02-19T13:43:39.813Z",
      "side": "buy",
      "amount": 3.596604805064019,
      "price": 1.3902,
      "value": 5
    },
    {
      "pair": "BTC/USDT",
      "time": "2026-02-19T13:45:34.951Z",
      "side": "buy",
      "amount": 0.000030343677037680324,
      "price": 65911.59,
      "value": 2
    },
    {
      "pair": "BTC/USDT",
      "time": "2026-02-20T05:17:15.060Z",
      "side": "sell",
      "amount": 0.00007433750416290023,
      "price": 67260.8,
      "value": 5,
      "strategy": "sell"
    },
    {
      "pair": "ETH/USDT",
      "time": "2026-02-20T05:17:55.059Z",
      "side": "sell",
      "amount": 0.002578741883409922,
      "price": 1938.93,
      "value": 5,
      "strategy": "sell"
    },
    {
      "pair": "ETH/USDT",
      "time": "2026-02-20T05:20:12.178Z",
      "side": "sell",
      "amount": 0.005158122237180777,
      "price": 1938.69,
      "value": 10,
      "strategy": "sell"
    },
    {
      "pair": "BTC/USDT",
      "time": "2026-02-20T05:20:32.215Z",
      "side": "sell",
      "amount": 0.0001486814188370437,
      "price": 67257.9,
      "value": 10,
      "strategy": "sell"
    },
    {
      "pair": "BTC/USDT",
      "time": "2026-02-20T08:39:20.068Z",
      "side": "sell",
      "amount": 0.00014745347842755612,
      "price": 67818,
      "value": 10,
      "strategy": "sell"
    },
    {
      "pair": "ETH/USDT",
      "time": "2026-02-20T08:39:20.068Z",
      "side": "sell",
      "amount": 0.005102613558664748,
      "price": 1959.78,
      "value": 10,
      "strategy": "sell"
    },
    {
      "pair": "BTC/USDT",
      "time": "2026-02-20T10:07:37.410Z",
      "side": "sell",
      "amount": 0.00014666606044695015,
      "price": 68182.1,
      "value": 10,
      "strategy": "sell"
    },
    {
      "pair": "ETH/USDT",
      "time": "2026-02-20T10:07:37.411Z",
      "side": "sell",
      "amount": 0.005082256318515168,
      "price": 1967.63,
      "value": 10,
      "strategy": "sell"
    },
    {
      "pair": "BTC/USDT",
      "time": "2026-02-20T11:53:18.230Z",
      "side": "sell",
      "amount": 0.00022187379818359318,
      "price": 67606,
      "value": 15,
      "strategy": "sell"
    },
    {
      "pair": "ETH/USDT",
      "time": "2026-02-21T01:04:56.804Z",
      "side": "buy",
      "amount": 0.025443738804754926,
      "price": 1965.12,
      "value": 50,
      "strategy": "buy"
    },
    {
      "pair": "ETH/USDT",
      "time": "2026-02-21T01:04:58.219Z",
      "side": "buy",
      "amount": 0.025443738804754926,
      "price": 1965.12,
      "value": 50,
      "strategy": "buy"
    },
    {
      "pair": "BTC/USDT",
      "time": "2026-02-21T01:09:19.180Z",
      "side": "buy",
      "amount": 0.00007368013097380083,
      "price": 67860.9,
      "value": 5,
      "strategy": "buy"
    },
    {
      "pair": "ETH/USDT",
      "time": "2026-02-21T01:09:19.181Z",
      "side": "buy",
      "amount": 0.002544076118757473,
      "price": 1965.35,
      "value": 5,
      "strategy": "buy"
    },
    {
      "pair": "BTC/USDT",
      "time": "2026-02-21T01:09:33.845Z",
      "side": "sell",
      "amount": 0.0000736422576948795,
      "price": 67895.8,
      "value": 5,
      "strategy": "sell"
    },
    {
      "pair": "BTC/USDT",
      "time": "2026-02-21T01:09:34.189Z",
      "side": "sell",
      "amount": 0.0000736422576948795,
      "price": 67895.8,
      "value": 5,
      "strategy": "sell"
    },
    {
      "pair": "BTC/USDT",
      "time": "2026-02-21T01:10:53.917Z",
      "side": "buy",
      "amount": 0.00007364974244685067,
      "price": 67888.9,
      "value": 5,
      "strategy": "buy"
    },
    {
      "pair": "BTC/USDT",
      "time": "2026-02-21T01:10:54.273Z",
      "side": "buy",
      "amount": 0.00007364757279694333,
      "price": 67890.9,
      "value": 5,
      "strategy": "buy"
    },
    {
      "pair": "BTC/USDT",
      "time": "2026-02-21T01:10:56.837Z",
      "side": "buy",
      "amount": 0.00007364757279694333,
      "price": 67890.9,
      "value": 5,
      "strategy": "buy"
    },
    {
      "pair": "ETH/USDT",
      "time": "2026-02-21T01:11:14.299Z",
      "side": "sell",
      "amount": 0.0025437525437525437,
      "price": 1965.6,
      "value": 5,
      "strategy": "sell"
    },
    {
      "pair": "BTC/USDT",
      "time": "2026-02-21T01:11:14.301Z",
      "side": "sell",
      "amount": 0.0000736422576948795,
      "price": 67895.8,
      "value": 5,
      "strategy": "sell"
    },
    {
      "pair": "BTC/USDT",
      "time": "2026-02-21T01:11:16.870Z",
      "side": "sell",
      "amount": 0.0000736422576948795,
      "price": 67895.8,
      "value": 5,
      "strategy": "sell"
    },
    {
      "pair": "BTC/USDT",
      "time": "2026-02-21T01:11:18.912Z",
      "side": "sell",
      "amount": 0.0000736422576948795,
      "price": 67895.8,
      "value": 5,
      "strategy": "sell"
    },
    {
      "pair": "BTC/USDT",
      "time": "2026-02-21T01:12:08.974Z",
      "side": "buy",
      "amount": 0.00007365028487930193,
      "price": 67888.4,
      "value": 5,
      "strategy": "buy"
    },
    {
      "pair": "BTC/USDT",
      "time": "2026-02-21T01:13:04.056Z",
      "side": "sell",
      "amount": 0.00007364138999596445,
      "price": 67896.6,
      "value": 5,
      "strategy": "sell"
    },
    {
      "pair": "ETH/USDT",
      "time": "2026-02-21T01:14:04.481Z",
      "side": "buy",
      "amount": 0.002544373880475493,
      "price": 1965.12,
      "value": 5,
      "strategy": "grid"
    },
    {
      "pair": "ETH/USDT",
      "time": "2026-02-21T01:14:09.437Z",
      "side": "buy",
      "amount": 0.00254503438341452,
      "price": 1964.61,
      "value": 5,
      "strategy": "buy"
    },
    {
      "pair": "BTC/USDT",
      "time": "2026-02-21T01:14:09.439Z",
      "side": "buy",
      "amount": 0.00007366135224563999,
      "price": 67878.2,
      "value": 5,
      "strategy": "buy"
    },
    {
      "pair": "BTC/USDT",
      "time": "2026-02-21T01:14:14.068Z",
      "side": "buy",
      "amount": 0.00007366156928607207,
      "price": 67878,
      "value": 5,
      "strategy": "buy"
    },
    {
      "pair": "BTC/USDT",
      "time": "2026-02-21T01:14:59.491Z",
      "side": "sell",
      "amount": 0.00007360994970968235,
      "price": 67925.6,
      "value": 5,
      "strategy": "sell"
    },
    {
      "pair": "BTC/USDT",
      "time": "2026-02-21T01:15:19.149Z",
      "side": "sell",
      "amount": 0.00007363119606514888,
      "price": 67906,
      "value": 5,
      "strategy": "sell"
    },
    {
      "pair": "ETH/USDT",
      "time": "2026-02-21T01:15:19.498Z",
      "side": "sell",
      "amount": 0.0025441278983977084,
      "price": 1965.31,
      "value": 5,
      "strategy": "sell"
    },
    {
      "pair": "BTC/USDT",
      "time": "2026-02-21T01:16:09.563Z",
      "side": "buy",
      "amount": 0.00007365191222459709,
      "price": 67886.9,
      "value": 5,
      "strategy": "buy"
    },
    {
      "pair": "BTC/USDT",
      "time": "2026-02-21T01:16:12.154Z",
      "side": "buy",
      "amount": 0.00007365191222459709,
      "price": 67886.9,
      "value": 5,
      "strategy": "buy"
    },
    {
      "pair": "BTC/USDT",
      "time": "2026-02-21T01:16:14.214Z",
      "side": "buy",
      "amount": 0.00007365191222459709,
      "price": 67886.9,
      "value": 5,
      "strategy": "buy"
    },
    {
      "pair": "ETH/USDT",
      "time": "2026-02-21T01:17:34.621Z",
      "side": "buy",
      "amount": 0.0025444127240991507,
      "price": 1965.09,
      "value": 5,
      "strategy": "buy"
    },
    {
      "pair": "BTC/USDT",
      "time": "2026-02-21T01:18:12.242Z",
      "side": "sell",
      "amount": 0.00007366363123396895,
      "price": 67876.1,
      "value": 5,
      "strategy": "strong_sell"
    },
    {
      "pair": "ETH/USDT",
      "time": "2026-02-21T01:18:14.669Z",
      "side": "sell",
      "amount": 0.002544438620507158,
      "price": 1965.07,
      "value": 5,
      "strategy": "strong_sell"
    },
    {
      "pair": "ETH/USDT",
      "time": "2026-02-21T01:18:49.710Z",
      "side": "buy",
      "amount": 0.0025444645174423045,
      "price": 1965.05,
      "value": 5,
      "strategy": "buy"
    },
    {
      "pair": "ETH/USDT",
      "time": "2026-02-21T01:19:14.704Z",
      "side": "sell",
      "amount": 0.00254439977609282,
      "price": 1965.1,
      "value": 5,
      "strategy": "strong_sell"
    },
    {
      "pair": "ETH/USDT",
      "time": "2026-02-21T01:19:34.744Z",
      "side": "buy",
      "amount": 0.0025451898457105916,
      "price": 1964.49,
      "value": 5,
      "strategy": "buy"
    },
    {
      "pair": "BTC/USDT",
      "time": "2026-02-21T01:19:37.310Z",
      "side": "buy",
      "amount": 0.00007367459405298677,
      "price": 67866,
      "value": 5,
      "strategy": "buy"
    },
    {
      "pair": "BTC/USDT",
      "time": "2026-02-21T01:20:44.421Z",
      "side": "sell",
      "amount": 0.00007365646917403109,
      "price": 67882.7,
      "value": 5,
      "strategy": "strong_sell"
    },
    {
      "pair": "BTC/USDT",
      "time": "2026-02-21T01:22:19.531Z",
      "side": "buy",
      "amount": 0.00007366265450741783,
      "price": 67877,
      "value": 5,
      "strategy": "buy"
    },
    {
      "pair": "BTC/USDT",
      "time": "2026-02-21T01:22:29.886Z",
      "side": "sell",
      "amount": 0.00007365191222459709,
      "price": 67886.9,
      "value": 5,
      "strategy": "strong_sell"
    },
    {
      "pair": "BTC/USDT",
      "time": "2026-02-21T01:24:40.018Z",
      "side": "buy",
      "amount": 0.00007366124372590357,
      "price": 67878.3,
      "value": 5,
      "strategy": "strong_buy"
    },
    {
      "pair": "ETH/USDT",
      "time": "2026-02-21T01:26:30.118Z",
      "side": "sell",
      "amount": 0.0025459415146315257,
      "price": 1963.91,
      "value": 5,
      "strategy": "strong_sell"
    },
    {
      "pair": "ETH/USDT",
      "time": "2026-02-21T01:26:50.142Z",
      "side": "buy",
      "amount": 0.0025459155876227765,
      "price": 1963.93,
      "value": 5,
      "strategy": "buy"
    },
    {
      "pair": "ETH/USDT",
      "time": "2026-02-21T01:27:30.163Z",
      "side": "sell",
      "amount": 0.0025453194121330285,
      "price": 1964.39,
      "value": 5,
      "strategy": "strong_sell"
    },
    {
      "pair": "BTC/USDT",
      "time": "2026-02-21T01:27:37.778Z",
      "side": "sell",
      "amount": 0.00007366156928607207,
      "price": 67878,
      "value": 5,
      "strategy": "strong_sell"
    },
    {
      "pair": "ETH/USDT",
      "time": "2026-02-21T01:28:45.252Z",
      "side": "buy",
      "amount": 0.002545436033192486,
      "price": 1964.3,
      "value": 5,
      "strategy": "buy"
    },
    {
      "pair": "BTC/USDT",
      "time": "2026-02-21T01:28:47.818Z",
      "side": "buy",
      "amount": 0.00007366591036332027,
      "price": 67874,
      "value": 5,
      "strategy": "buy"
    },
    {
      "pair": "BTC/USDT",
      "time": "2026-02-21T01:31:10.038Z",
      "side": "sell",
      "amount": 0.00007366840671443326,
      "price": 67871.7,
      "value": 5,
      "strategy": "strong_sell"
    },
    {
      "pair": "ETH/USDT",
      "time": "2026-02-21T01:31:25.328Z",
      "side": "sell",
      "amount": 0.002544542211410745,
      "price": 1964.99,
      "value": 5,
      "strategy": "strong_sell"
    },
    {
      "pair": "BTC/USDT",
      "time": "2026-02-21T01:32:55.091Z",
      "side": "buy",
      "amount": 0.00007364551174793203,
      "price": 67892.8,
      "value": 5,
      "strategy": "strong_buy"
    },
    {
      "pair": "BTC/USDT",
      "time": "2026-02-21T01:35:15.218Z",
      "side": "sell",
      "amount": 0.0000736570117055723,
      "price": 67882.2,
      "value": 5,
      "strategy": "sell"
    },
    {
      "pair": "ETH/USDT",
      "time": "2026-02-21T01:41:05.856Z",
      "side": "buy",
      "amount": 0.0025410635875752156,
      "price": 1967.68,
      "value": 5,
      "strategy": "strong_buy"
    },
    {
      "pair": "ETH/USDT",
      "time": "2026-02-21T01:42:40.921Z",
      "side": "sell",
      "amount": 0.002540921541424644,
      "price": 1967.79,
      "value": 5,
      "strategy": "sell"
    },
    {
      "pair": "ETH/USDT",
      "time": "2026-02-21T01:45:36.124Z",
      "side": "buy",
      "amount": 0.0025411669038422446,
      "price": 1967.6,
      "value": 5,
      "strategy": "strong_buy"
    },
    {
      "pair": "ETH/USDT",
      "time": "2026-02-21T01:46:11.135Z",
      "side": "sell",
      "amount": 0.0025409990191743786,
      "price": 1967.73,
      "value": 5,
      "strategy": "sell"
    },
    {
      "pair": "ETH/USDT",
      "time": "2026-02-21T01:48:36.227Z",
      "side": "buy",
      "amount": 0.002541037759821111,
      "price": 1967.7,
      "value": 5,
      "strategy": "strong_buy"
    },
    {
      "pair": "ETH/USDT",
      "time": "2026-02-21T01:50:06.312Z",
      "side": "sell",
      "amount": 0.002540702046789569,
      "price": 1967.96,
      "value": 5,
      "strategy": "sell"
    },
    {
      "pair": "ETH/USDT",
      "time": "2026-02-21T01:50:41.323Z",
      "side": "buy",
      "amount": 0.0025408569802422964,
      "price": 1967.84,
      "value": 5,
      "strategy": "strong_buy"
    },
    {
      "pair": "ETH/USDT",
      "time": "2026-02-21T01:54:21.474Z",
      "side": "sell",
      "amount": 0.0025425754254999973,
      "price": 1966.51,
      "value": 5,
      "strategy": "strong_sell"
    },
    {
      "pair": "ETH/USDT",
      "time": "2026-02-21T01:54:21.521Z",
      "side": "sell",
      "amount": 0.0025425754254999973,
      "price": 1966.51,
      "value": 5,
      "strategy": "strong_sell"
    },
    {
      "pair": "ETH/USDT",
      "time": "2026-02-21T01:55:01.582Z",
      "side": "buy",
      "amount": 0.0025434937430053924,
      "price": 1965.8,
      "value": 5,
      "strategy": "buy"
    },
    {
      "pair": "ETH/USDT",
      "time": "2026-02-21T01:58:01.760Z",
      "side": "sell",
      "amount": 0.002543571377700001,
      "price": 1965.74,
      "value": 5,
      "strategy": "strong_sell"
    },
    {
      "pair": "ETH/USDT",
      "time": "2026-02-21T01:58:06.740Z",
      "side": "buy",
      "amount": 0.0025438819638768763,
      "price": 1965.5,
      "value": 5,
      "strategy": "buy"
    },
    {
      "pair": "ETH/USDT",
      "time": "2026-02-21T01:58:31.750Z",
      "side": "sell",
      "amount": 0.0025429892329835876,
      "price": 1966.19,
      "value": 5,
      "strategy": "strong_sell"
    },
    {
      "pair": "ETH/USDT",
      "time": "2026-02-21T01:59:51.831Z",
      "side": "buy",
      "amount": 0.0025438819638768763,
      "price": 1965.5,
      "value": 5,
      "strategy": "buy"
    },
    {
      "pair": "ETH/USDT",
      "time": "2026-02-21T02:01:01.892Z",
      "side": "sell",
      "amount": 0.0025430409683900005,
      "price": 1966.15,
      "value": 5,
      "strategy": "strong_sell"
    },
    {
      "pair": "ETH/USDT",
      "time": "2026-02-21T02:01:06.915Z",
      "side": "buy",
      "amount": 0.0025430539025705187,
      "price": 1966.14,
      "value": 5,
      "strategy": "buy"
    },
    {
      "pair": "ETH/USDT",
      "time": "2026-02-21T02:05:02.110Z",
      "side": "sell",
      "amount": 0.0025439725657998504,
      "price": 1965.43,
      "value": 5,
      "strategy": "strong_sell"
    },
    {
      "pair": "ETH/USDT",
      "time": "2026-02-21T02:05:57.156Z",
      "side": "buy",
      "amount": 0.0025441278983977084,
      "price": 1965.31,
      "value": 5,
      "strategy": "buy"
    },
    {
      "pair": "ETH/USDT",
      "time": "2026-02-21T02:06:22.156Z",
      "side": "sell",
      "amount": 0.0025437137202830645,
      "price": 1965.63,
      "value": 5,
      "strategy": "strong_sell"
    },
    {
      "pair": "ETH/USDT",
      "time": "2026-02-21T02:08:02.245Z",
      "side": "buy",
      "amount": 0.0025427952439557758,
      "price": 1966.34,
      "value": 5,
      "strategy": "strong_buy"
    },
    {
      "pair": "ETH/USDT",
      "time": "2026-02-21T02:09:07.301Z",
      "side": "sell",
      "amount": 0.002542084203997173,
      "price": 1966.89,
      "value": 5,
      "strategy": "sell"
    },
    {
      "pair": "ETH/USDT",
      "time": "2026-02-21T02:13:07.514Z",
      "side": "buy",
      "amount": 0.0025401083102183477,
      "price": 1968.42,
      "value": 5,
      "strategy": "strong_buy"
    },
    {
      "pair": "ETH/USDT",
      "time": "2026-02-21T02:17:12.712Z",
      "side": "sell",
      "amount": 0.0025418903530177324,
      "price": 1967.04,
      "value": 5,
      "strategy": "strong_sell"
    },
    {
      "pair": "ETH/USDT",
      "time": "2026-02-21T02:17:52.729Z",
      "side": "buy",
      "amount": 0.0025423814995983035,
      "price": 1966.66,
      "value": 5,
      "strategy": "buy"
    },
    {
      "pair": "ETH/USDT",
      "time": "2026-02-21T02:19:02.791Z",
      "side": "sell",
      "amount": 0.0025415544146800183,
      "price": 1967.3,
      "value": 5,
      "strategy": "strong_sell"
    },
    {
      "pair": "ETH/USDT",
      "time": "2026-02-21T02:23:33.059Z",
      "side": "buy",
      "amount": 0.0025390763855739837,
      "price": 1969.22,
      "value": 5,
      "strategy": "strong_buy"
    },
    {
      "pair": "ETH/USDT",
      "time": "2026-02-21T02:24:28.044Z",
      "side": "sell",
      "amount": 0.0025385865150284325,
      "price": 1969.6,
      "value": 5,
      "strategy": "sell"
    },
    {
      "pair": "ETH/USDT",
      "time": "2026-02-21T02:27:38.207Z",
      "side": "buy",
      "amount": 0.0025388314266709317,
      "price": 1969.41,
      "value": 5,
      "strategy": "strong_buy"
    },
    {
      "pair": "ETH/USDT",
      "time": "2026-02-21T02:29:18.294Z",
      "side": "sell",
      "amount": 0.002538728300219854,
      "price": 1969.49,
      "value": 5,
      "strategy": "sell"
    },
    {
      "pair": "ETH/USDT",
      "time": "2026-02-21T02:33:48.532Z",
      "side": "buy",
      "amount": 0.002538302992151567,
      "price": 1969.82,
      "value": 5,
      "strategy": "strong_buy"
    },
    {
      "pair": "ETH/USDT",
      "time": "2026-02-21T02:35:08.600Z",
      "side": "sell",
      "amount": 0.002537877826561429,
      "price": 1970.15,
      "value": 5,
      "strategy": "sell"
    },
    {
      "pair": "ETH/USDT",
      "time": "2026-02-21T02:36:03.659Z",
      "side": "buy",
      "amount": 0.002538560737604208,
      "price": 1969.62,
      "value": 5,
      "strategy": "strong_buy"
    },
    {
      "pair": "ETH/USDT",
      "time": "2026-02-21T02:40:48.907Z",
      "side": "sell",
      "amount": 0.002540134119081487,
      "price": 1968.4,
      "value": 5,
      "strategy": "strong_sell"
    },
    {
      "pair": "ETH/USDT",
      "time": "2026-02-21T02:41:08.923Z",
      "side": "buy",
      "amount": 0.002540766600098582,
      "price": 1967.91,
      "value": 5,
      "strategy": "buy"
    },
    {
      "pair": "ETH/USDT",
      "time": "2026-02-21T02:42:34.017Z",
      "side": "sell",
      "amount": 0.0025410635875752156,
      "price": 1967.68,
      "value": 5,
      "strategy": "strong_sell"
    },
    {
      "pair": "ETH/USDT",
      "time": "2026-02-21T02:43:49.058Z",
      "side": "buy",
      "amount": 0.002541425231269696,
      "price": 1967.4,
      "value": 5,
      "strategy": "buy"
    },
    {
      "pair": "ETH/USDT",
      "time": "2026-02-21T02:44:54.128Z",
      "side": "sell",
      "amount": 0.002541425231269696,
      "price": 1967.4,
      "value": 5,
      "strategy": "strong_sell"
    },
    {
      "pair": "ETH/USDT",
      "time": "2026-02-21T02:46:09.186Z",
      "side": "buy",
      "amount": 0.002541696531600913,
      "price": 1967.19,
      "value": 5,
      "strategy": "buy"
    },
    {
      "pair": "ETH/USDT",
      "time": "2026-02-21T02:52:24.500Z",
      "side": "sell",
      "amount": 0.0025438172521686044,
      "price": 1965.55,
      "value": 5,
      "strategy": "strong_sell"
    },
    {
      "pair": "ETH/USDT",
      "time": "2026-02-21T02:52:54.522Z",
      "side": "buy",
      "amount": 0.0025438301942468738,
      "price": 1965.54,
      "value": 5,
      "strategy": "buy"
    },
    {
      "pair": "ETH/USDT",
      "time": "2026-02-21T02:53:14.636Z",
      "side": "sell",
      "amount": 0.002543247931067808,
      "price": 1965.99,
      "value": 5,
      "strategy": "strong_sell"
    },
    {
      "pair": "ETH/USDT",
      "time": "2026-02-21T02:54:24.608Z",
      "side": "buy",
      "amount": 0.002543804310222023,
      "price": 1965.56,
      "value": 5,
      "strategy": "buy"
    },
    {
      "pair": "ETH/USDT",
      "time": "2026-02-21T02:55:24.669Z",
      "side": "sell",
      "amount": 0.0025437525437525437,
      "price": 1965.6,
      "value": 5,
      "strategy": "strong_sell"
    },
    {
      "pair": "ETH/USDT",
      "time": "2026-02-21T02:56:54.718Z",
      "side": "buy",
      "amount": 0.002543002166637846,
      "price": 1966.18,
      "value": 5,
      "strategy": "strong_buy"
    },
    {
      "pair": "ETH/USDT",
      "time": "2026-02-21T02:57:29.750Z",
      "side": "sell",
      "amount": 0.0025417352935195917,
      "price": 1967.16,
      "value": 5,
      "strategy": "sell"
    },
    {
      "pair": "ETH/USDT",
      "time": "2026-02-21T02:58:59.853Z",
      "side": "buy",
      "amount": 0.0025420583554916086,
      "price": 1966.91,
      "value": 5,
      "strategy": "strong_buy"
    },
    {
      "pair": "BTC/USDT",
      "time": "2026-02-21T03:03:35.075Z",
      "side": "sell",
      "amount": 0.00007377210027694046,
      "price": 67776.3,
      "value": 5,
      "strategy": "strong_sell"
    },
    {
      "pair": "BTC/USDT",
      "time": "2026-02-21T03:05:52.840Z",
      "side": "buy",
      "amount": 0.00007378342204560111,
      "price": 67765.9,
      "value": 5,
      "strategy": "buy"
    },
    {
      "pair": "BTC/USDT",
      "time": "2026-02-21T03:05:53.771Z",
      "side": "buy",
      "amount": 0.00007378734192906674,
      "price": 67762.3,
      "value": 5,
      "strategy": "buy"
    },
    {
      "pair": "BTC/USDT",
      "time": "2026-02-21T03:06:03.781Z",
      "side": "buy",
      "amount": 0.00007379931103915186,
      "price": 67751.31,
      "value": 5,
      "strategy": "grid"
    },
    {
      "pair": "BTC/USDT",
      "time": "2026-02-21T03:07:08.856Z",
      "side": "sell",
      "amount": 0.00007376012910972999,
      "price": 67787.3,
      "value": 5,
      "strategy": "sell"
    },
    {
      "pair": "BTC/USDT",
      "time": "2026-02-21T03:07:12.880Z",
      "side": "sell",
      "amount": 0.000073753492227857,
      "price": 67793.4,
      "value": 5,
      "strategy": "sell"
    },
    {
      "pair": "BTC/USDT",
      "time": "2026-02-21T03:07:42.905Z",
      "side": "buy",
      "amount": 0.00007378320428650904,
      "price": 67766.1,
      "value": 5,
      "strategy": "buy"
    },
    {
      "pair": "BTC/USDT",
      "time": "2026-02-21T03:08:18.862Z",
      "side": "buy",
      "amount": 0.00007379082661959795,
      "price": 67759.1,
      "value": 5,
      "strategy": "buy"
    },
    {
      "pair": "BTC/USDT",
      "time": "2026-02-21T03:10:43.109Z",
      "side": "sell",
      "amount": 0.00007381479277973222,
      "price": 67737.1,
      "value": 5,
      "strategy": "sell"
    },
    {
      "pair": "BTC/USDT",
      "time": "2026-02-21T03:10:44.026Z",
      "side": "sell",
      "amount": 0.00007381479277973222,
      "price": 67737.1,
      "value": 5,
      "strategy": "sell"
    },
    {
      "pair": "BTC/USDT",
      "time": "2026-02-21T03:14:18.259Z",
      "side": "buy",
      "amount": 0.00007377786959023772,
      "price": 67771,
      "value": 5,
      "strategy": "strong_buy"
    },
    {
      "pair": "BTC/USDT",
      "time": "2026-02-21T03:14:19.227Z",
      "side": "buy",
      "amount": 0.00007377786959023772,
      "price": 67771,
      "value": 5,
      "strategy": "strong_buy"
    },
    {
      "pair": "BTC/USDT",
      "time": "2026-02-21T03:16:18.352Z",
      "side": "sell",
      "amount": 0.00007378418421254567,
      "price": 67765.2,
      "value": 5,
      "strategy": "sell"
    },
    {
      "pair": "BTC/USDT",
      "time": "2026-02-21T03:16:19.312Z",
      "side": "sell",
      "amount": 0.00007378418421254567,
      "price": 67765.2,
      "value": 5,
      "strategy": "sell"
    },
    {
      "pair": "BTC/USDT",
      "time": "2026-02-21T03:19:13.546Z",
      "side": "buy",
      "amount": 0.0000737640465185583,
      "price": 67783.7,
      "value": 5,
      "strategy": "strong_buy"
    },
    {
      "pair": "BTC/USDT",
      "time": "2026-02-21T03:19:14.486Z",
      "side": "buy",
      "amount": 0.0000737640465185583,
      "price": 67783.7,
      "value": 5,
      "strategy": "strong_buy"
    },
    {
      "pair": "BTC/USDT",
      "time": "2026-02-21T03:20:58.594Z",
      "side": "sell",
      "amount": 0.00007376850851878736,
      "price": 67779.6,
      "value": 5,
      "strategy": "sell"
    },
    {
      "pair": "BTC/USDT",
      "time": "2026-02-21T03:21:09.580Z",
      "side": "sell",
      "amount": 0.00007376480828526327,
      "price": 67783,
      "value": 5,
      "strategy": "sell"
    },
    {
      "pair": "BTC/USDT",
      "time": "2026-02-21T03:22:43.752Z",
      "side": "buy",
      "amount": 0.00007376469946048498,
      "price": 67783.1,
      "value": 5,
      "strategy": "strong_buy"
    },
    {
      "pair": "BTC/USDT",
      "time": "2026-02-21T03:22:44.706Z",
      "side": "buy",
      "amount": 0.00007376469946048498,
      "price": 67783.1,
      "value": 5,
      "strategy": "strong_buy"
    },
    {
      "pair": "BTC/USDT",
      "time": "2026-02-21T03:23:54.783Z",
      "side": "sell",
      "amount": 0.00007375860578533,
      "price": 67788.7,
      "value": 5,
      "strategy": "sell"
    },
    {
      "pair": "BTC/USDT",
      "time": "2026-02-21T03:23:58.801Z",
      "side": "sell",
      "amount": 0.0000737300007373,
      "price": 67815,
      "value": 5,
      "strategy": "sell"
    },
    {
      "pair": "BTC/USDT",
      "time": "2026-02-21T03:25:23.811Z",
      "side": "buy",
      "amount": 0.00007372782635622337,
      "price": 67817,
      "value": 5,
      "strategy": "strong_buy"
    },
    {
      "pair": "BTC/USDT",
      "time": "2026-02-21T03:25:24.817Z",
      "side": "buy",
      "amount": 0.00007372782635622337,
      "price": 67817,
      "value": 5,
      "strategy": "strong_buy"
    },
    {
      "pair": "BTC/USDT",
      "time": "2026-02-21T03:30:24.094Z",
      "side": "sell",
      "amount": 0.00007372478243816702,
      "price": 67819.8,
      "value": 5,
      "strategy": "sell"
    },
    {
      "pair": "BTC/USDT",
      "time": "2026-02-21T03:30:25.049Z",
      "side": "sell",
      "amount": 0.00007372478243816702,
      "price": 67819.8,
      "value": 5,
      "strategy": "sell"
    },
    {
      "pair": "BTC/USDT",
      "time": "2026-02-21T03:33:54.256Z",
      "side": "buy",
      "amount": 0.00007372771764053609,
      "price": 67817.1,
      "value": 5,
      "strategy": "strong_buy"
    },
    {
      "pair": "BTC/USDT",
      "time": "2026-02-21T03:33:55.266Z",
      "side": "buy",
      "amount": 0.00007372771764053609,
      "price": 67817.1,
      "value": 5,
      "strategy": "strong_buy"
    },
    {
      "pair": "BTC/USDT",
      "time": "2026-02-21T03:36:20.434Z",
      "side": "sell",
      "amount": 0.00007374544253165153,
      "price": 67800.8,
      "value": 5,
      "strategy": "strong_sell"
    },
    {
      "pair": "BTC/USDT",
      "time": "2026-02-21T03:38:55.557Z",
      "side": "buy",
      "amount": 0.00007374522499668146,
      "price": 67801,
      "value": 5,
      "strategy": "buy"
    },
    {
      "pair": "BTC/USDT",
      "time": "2026-02-21T03:43:10.707Z",
      "side": "sell",
      "amount": 0.00007393376421931119,
      "price": 67628.1,
      "value": 5,
      "strategy": "strong_sell"
    },
    {
      "pair": "BTC/USDT",
      "time": "2026-02-21T03:44:30.812Z",
      "side": "buy",
      "amount": 0.00007394371404486904,
      "price": 67619,
      "value": 5,
      "strategy": "buy"
    },
    {
      "pair": "BTC/USDT",
      "time": "2026-02-21T03:45:15.845Z",
      "side": "sell",
      "amount": 0.0000739399962142722,
      "price": 67622.4,
      "value": 5,
      "strategy": "strong_sell"
    },
    {
      "pair": "BTC/USDT",
      "time": "2026-02-21T03:48:01.016Z",
      "side": "buy",
      "amount": 0.0000739579327278644,
      "price": 67606,
      "value": 5,
      "strategy": "buy"
    },
    {
      "pair": "BTC/USDT",
      "time": "2026-02-21T03:49:56.102Z",
      "side": "sell",
      "amount": 0.00007394360469157382,
      "price": 67619.1,
      "value": 5,
      "strategy": "strong_sell"
    },
    {
      "pair": "BTC/USDT",
      "time": "2026-02-21T03:55:46.372Z",
      "side": "buy",
      "amount": 0.00007397303239131143,
      "price": 67592.2,
      "value": 5,
      "strategy": "buy"
    },
    {
      "pair": "BTC/USDT",
      "time": "2026-02-21T03:56:56.454Z",
      "side": "sell",
      "amount": 0.00007391540234370958,
      "price": 67644.9,
      "value": 5,
      "strategy": "sell"
    },
    {
      "pair": "BTC/USDT",
      "time": "2026-02-21T03:58:11.509Z",
      "side": "buy",
      "amount": 0.00007390819124483567,
      "price": 67651.5,
      "value": 5,
      "strategy": "strong_buy"
    },
    {
      "pair": "BTC/USDT",
      "time": "2026-02-21T03:58:21.511Z",
      "side": "sell",
      "amount": 0.00007389562981245289,
      "price": 67663,
      "value": 5,
      "strategy": "sell"
    },
    {
      "pair": "BTC/USDT",
      "time": "2026-02-21T04:00:51.647Z",
      "side": "buy",
      "amount": 0.0000739218498203699,
      "price": 67639,
      "value": 5,
      "strategy": "strong_buy"
    },
    {
      "pair": "BTC/USDT",
      "time": "2026-02-21T04:02:21.720Z",
      "side": "sell",
      "amount": 0.00007390928374513123,
      "price": 67650.5,
      "value": 5,
      "strategy": "strong_sell"
    },
    {
      "pair": "BTC/USDT",
      "time": "2026-02-21T04:05:43.988Z",
      "side": "sell",
      "amount": 0.00007390414927455687,
      "price": 67655.2,
      "value": 5,
      "strategy": "sell"
    },
    {
      "pair": "BTC/USDT",
      "time": "2026-02-21T04:06:19.914Z",
      "side": "sell",
      "amount": 0.00007387816013829992,
      "price": 67679,
      "value": 5,
      "strategy": "sell"
    },
    {
      "pair": "BTC/USDT",
      "time": "2026-02-21T04:08:14.096Z",
      "side": "buy",
      "amount": 0.00007387816013829992,
      "price": 67679,
      "value": 5,
      "strategy": "buy"
    },
    {
      "pair": "BTC/USDT",
      "time": "2026-02-21T04:08:14.995Z",
      "side": "buy",
      "amount": 0.00007387816013829992,
      "price": 67679,
      "value": 5,
      "strategy": "buy"
    },
    {
      "pair": "BTC/USDT",
      "time": "2026-02-21T04:09:19.178Z",
      "side": "sell",
      "amount": 0.00007385764382298982,
      "price": 67697.8,
      "value": 5,
      "strategy": "sell"
    },
    {
      "pair": "BTC/USDT",
      "time": "2026-02-21T04:09:20.035Z",
      "side": "sell",
      "amount": 0.00007385764382298982,
      "price": 67697.8,
      "value": 5,
      "strategy": "sell"
    },
    {
      "pair": "BTC/USDT",
      "time": "2026-02-21T04:10:49.232Z",
      "side": "buy",
      "amount": 0.0000738628809478085,
      "price": 67693,
      "value": 5,
      "strategy": "buy"
    },
    {
      "pair": "BTC/USDT",
      "time": "2026-02-21T04:10:50.160Z",
      "side": "buy",
      "amount": 0.0000738628809478085,
      "price": 67693,
      "value": 5,
      "strategy": "buy"
    },
    {
      "pair": "BTC/USDT",
      "time": "2026-02-21T04:11:09.235Z",
      "side": "sell",
      "amount": 0.0000738628809478085,
      "price": 67693,
      "value": 5,
      "strategy": "sell"
    },
    {
      "pair": "BTC/USDT",
      "time": "2026-02-21T04:11:10.167Z",
      "side": "sell",
      "amount": 0.0000738628809478085,
      "price": 67693,
      "value": 5,
      "strategy": "sell"
    },
    {
      "pair": "BTC/USDT",
      "time": "2026-02-21T04:11:54.312Z",
      "side": "buy",
      "amount": 0.00007386942839836306,
      "price": 67687,
      "value": 5,
      "strategy": "buy"
    },
    {
      "pair": "BTC/USDT",
      "time": "2026-02-21T04:11:55.292Z",
      "side": "buy",
      "amount": 0.00007387706855791962,
      "price": 67680,
      "value": 5,
      "strategy": "buy"
    },
    {
      "pair": "BTC/USDT",
      "time": "2026-02-21T04:16:09.492Z",
      "side": "sell",
      "amount": 0.00007387499464406289,
      "price": 67681.9,
      "value": 5,
      "strategy": "strong_sell"
    },
    {
      "pair": "BTC/USDT",
      "time": "2026-02-21T04:16:10.453Z",
      "side": "sell",
      "amount": 0.00007387499464406289,
      "price": 67681.9,
      "value": 5,
      "strategy": "strong_sell"
    },
    {
      "pair": "BTC/USDT",
      "time": "2026-02-21T04:17:10.464Z",
      "side": "buy",
      "amount": 0.00007389683115608636,
      "price": 67661.9,
      "value": 5,
      "strategy": "buy"
    },
    {
      "pair": "BTC/USDT",
      "time": "2026-02-21T04:17:14.569Z",
      "side": "buy",
      "amount": 0.00007389836019538726,
      "price": 67660.5,
      "value": 5,
      "strategy": "buy"
    },
    {
      "pair": "BTC/USDT",
      "time": "2026-02-21T04:19:59.737Z",
      "side": "sell",
      "amount": 0.00007393944950601055,
      "price": 67622.9,
      "value": 5,
      "strategy": "strong_sell"
    },
    {
      "pair": "BTC/USDT",
      "time": "2026-02-21T04:20:00.601Z",
      "side": "sell",
      "amount": 0.00007393944950601055,
      "price": 67622.9,
      "value": 5,
      "strategy": "strong_sell"
    },
    {
      "pair": "BTC/USDT",
      "time": "2026-02-21T04:20:25.695Z",
      "side": "buy",
      "amount": 0.00007396756078654146,
      "price": 67597.2,
      "value": 5,
      "strategy": "buy"
    },
    {
      "pair": "BTC/USDT",
      "time": "2026-02-21T04:21:25.688Z",
      "side": "sell",
      "amount": 0.00007391321701363995,
      "price": 67646.9,
      "value": 5,
      "strategy": "strong_sell"
    },
    {
      "pair": "BTC/USDT",
      "time": "2026-02-21T04:21:39.835Z",
      "side": "buy",
      "amount": 0.00007391430966252205,
      "price": 67645.9,
      "value": 5,
      "strategy": "buy"
    },
    {
      "pair": "BTC/USDT",
      "time": "2026-02-21T04:21:40.702Z",
      "side": "buy",
      "amount": 0.00007391430966252205,
      "price": 67645.9,
      "value": 5,
      "strategy": "buy"
    },
    {
      "pair": "BTC/USDT",
      "time": "2026-02-21T04:23:24.946Z",
      "side": "sell",
      "amount": 0.0000739339828680175,
      "price": 67627.9,
      "value": 5,
      "strategy": "strong_sell"
    },
    {
      "pair": "BTC/USDT",
      "time": "2026-02-21T04:23:25.774Z",
      "side": "sell",
      "amount": 0.0000739339828680175,
      "price": 67627.9,
      "value": 5,
      "strategy": "strong_sell"
    },
    {
      "pair": "BTC/USDT",
      "time": "2026-02-21T04:30:16.109Z",
      "side": "buy",
      "amount": 0.0000738312512920469,
      "price": 67722,
      "value": 5,
      "strategy": "strong_buy"
    },
    {
      "pair": "BTC/USDT",
      "time": "2026-02-21T04:30:20.286Z",
      "side": "buy",
      "amount": 0.0000738312512920469,
      "price": 67722,
      "value": 5,
      "strategy": "strong_buy"
    },
    {
      "pair": "BTC/USDT",
      "time": "2026-02-21T04:30:55.278Z",
      "side": "sell",
      "amount": 0.00007383103325054414,
      "price": 67722.2,
      "value": 5,
      "strategy": "sell"
    },
    {
      "pair": "BTC/USDT",
      "time": "2026-02-21T04:31:10.315Z",
      "side": "buy",
      "amount": 0.00007385273469291294,
      "price": 67702.3,
      "value": 5,
      "strategy": "strong_buy"
    },
    {
      "pair": "BTC/USDT",
      "time": "2026-02-21T04:32:45.350Z",
      "side": "sell",
      "amount": 0.00007384477238087361,
      "price": 67709.6,
      "value": 5,
      "strategy": "sell"
    },
    {
      "pair": "BTC/USDT",
      "time": "2026-02-21T04:32:51.268Z",
      "side": "sell",
      "amount": 0.00007384477238087361,
      "price": 67709.6,
      "value": 5,
      "strategy": "sell"
    },
    {
      "pair": "BTC/USDT",
      "time": "2026-02-21T04:37:00.599Z",
      "side": "buy",
      "amount": 0.00007379812375650162,
      "price": 67752.4,
      "value": 5,
      "strategy": "strong_buy"
    },
    {
      "pair": "BTC/USDT",
      "time": "2026-02-21T04:39:16.083Z",
      "side": "sell",
      "amount": 0.00007380945351480618,
      "price": 67742,
      "value": 5,
      "strategy": "sell"
    },
    {
      "pair": "BTC/USDT",
      "time": "2026-02-21T04:39:50.773Z",
      "side": "buy",
      "amount": 0.00007381272236082611,
      "price": 67739,
      "value": 5,
      "strategy": "strong_buy"
    },
    {
      "pair": "BTC/USDT",
      "time": "2026-02-21T04:41:10.832Z",
      "side": "sell",
      "amount": 0.00007382917994976664,
      "price": 67723.9,
      "value": 5,
      "strategy": "strong_sell"
    },
    {
      "pair": "BTC/USDT",
      "time": "2026-02-21T04:44:05.933Z",
      "side": "buy",
      "amount": 0.00007382808981630095,
      "price": 67724.9,
      "value": 5,
      "strategy": "strong_buy"
    },
    {
      "pair": "BTC/USDT",
      "time": "2026-02-21T04:46:11.094Z",
      "side": "sell",
      "amount": 0.00007382362060564898,
      "price": 67729,
      "value": 5,
      "strategy": "strong_sell"
    },
    {
      "pair": "BTC/USDT",
      "time": "2026-02-21T04:47:06.382Z",
      "side": "buy",
      "amount": 0.00007383779313603874,
      "price": 67716,
      "value": 5,
      "strategy": "buy"
    },
    {
      "pair": "BTC/USDT",
      "time": "2026-02-21T04:48:16.147Z",
      "side": "sell",
      "amount": 0.00007383343177790904,
      "price": 67720,
      "value": 5,
      "strategy": "strong_sell"
    },
    {
      "pair": "BTC/USDT",
      "time": "2026-02-21T04:49:41.219Z",
      "side": "buy",
      "amount": 0.00007383343177790904,
      "price": 67720,
      "value": 5,
      "strategy": "buy"
    },
    {
      "pair": "BTC/USDT",
      "time": "2026-02-21T04:51:26.378Z",
      "side": "sell",
      "amount": 0.00007382165868408464,
      "price": 67730.8,
      "value": 5,
      "strategy": "strong_sell"
    },
    {
      "pair": "BTC/USDT",
      "time": "2026-02-21T04:52:26.415Z",
      "side": "buy",
      "amount": 0.00007384717180101437,
      "price": 67707.4,
      "value": 5,
      "strategy": "buy"
    },
    {
      "pair": "BTC/USDT",
      "time": "2026-02-21T04:53:06.401Z",
      "side": "sell",
      "amount": 0.00007374805305139945,
      "price": 67798.4,
      "value": 5,
      "strategy": "strong_sell"
    },
    {
      "pair": "BTC/USDT",
      "time": "2026-02-21T04:54:16.438Z",
      "side": "buy",
      "amount": 0.00007378766860482276,
      "price": 67762,
      "value": 5,
      "strategy": "strong_buy"
    },
    {
      "pair": "BTC/USDT",
      "time": "2026-02-21T04:55:36.524Z",
      "side": "sell",
      "amount": 0.00007376056435683001,
      "price": 67786.9,
      "value": 5,
      "strategy": "sell"
    },
    {
      "pair": "BTC/USDT",
      "time": "2026-02-21T04:59:01.723Z",
      "side": "buy",
      "amount": 0.00007371489144007938,
      "price": 67828.9,
      "value": 5,
      "strategy": "strong_buy"
    },
    {
      "pair": "BTC/USDT",
      "time": "2026-02-21T05:00:26.819Z",
      "side": "sell",
      "amount": 0.00007371608691421511,
      "price": 67827.8,
      "value": 5,
      "strategy": "sell"
    },
    {
      "pair": "BTC/USDT",
      "time": "2026-02-21T05:02:16.860Z",
      "side": "buy",
      "amount": 0.00007368979543712787,
      "price": 67852,
      "value": 5,
      "strategy": "strong_buy"
    },
    {
      "pair": "BTC/USDT",
      "time": "2026-02-21T05:03:16.918Z",
      "side": "sell",
      "amount": 0.0000736812167421408,
      "price": 67859.9,
      "value": 5,
      "strategy": "sell"
    },
    {
      "pair": "BTC/USDT",
      "time": "2026-02-21T05:04:01.943Z",
      "side": "buy",
      "amount": 0.00007370924063266114,
      "price": 67834.1,
      "value": 5,
      "strategy": "strong_buy"
    },
    {
      "pair": "BTC/USDT",
      "time": "2026-02-21T05:06:27.088Z",
      "side": "sell",
      "amount": 0.00007369457431066095,
      "price": 67847.6,
      "value": 5,
      "strategy": "sell"
    },
    {
      "pair": "BTC/USDT",
      "time": "2026-02-21T05:07:27.157Z",
      "side": "buy",
      "amount": 0.0000737010919553784,
      "price": 67841.6,
      "value": 5,
      "strategy": "strong_buy"
    },
    {
      "pair": "BTC/USDT",
      "time": "2026-02-21T05:08:42.223Z",
      "side": "sell",
      "amount": 0.0000737040252716362,
      "price": 67838.9,
      "value": 5,
      "strategy": "sell"
    },
    {
      "pair": "BTC/USDT",
      "time": "2026-02-21T05:10:27.317Z",
      "side": "buy",
      "amount": 0.00007371739111204158,
      "price": 67826.6,
      "value": 5,
      "strategy": "buy"
    },
    {
      "pair": "BTC/USDT",
      "time": "2026-02-21T05:11:37.517Z",
      "side": "sell",
      "amount": 0.00007370934929386443,
      "price": 67834,
      "value": 5,
      "strategy": "strong_sell"
    },
    {
      "pair": "BTC/USDT",
      "time": "2026-02-21T05:17:57.730Z",
      "side": "buy",
      "amount": 0.00007366558476477842,
      "price": 67874.3,
      "value": 5,
      "strategy": "strong_buy"
    },
    {
      "pair": "BTC/USDT",
      "time": "2026-02-21T05:20:07.803Z",
      "side": "sell",
      "amount": 0.00007368979543712787,
      "price": 67852,
      "value": 5,
      "strategy": "sell"
    },
    {
      "pair": "BTC/USDT",
      "time": "2026-02-21T05:20:52.812Z",
      "side": "buy",
      "amount": 0.00007370858867216926,
      "price": 67834.7,
      "value": 5,
      "strategy": "buy"
    },
    {
      "pair": "BTC/USDT",
      "time": "2026-02-21T05:22:02.898Z",
      "side": "sell",
      "amount": 0.00007370293883098296,
      "price": 67839.9,
      "value": 5,
      "strategy": "strong_sell"
    },
    {
      "pair": "BTC/USDT",
      "time": "2026-02-21T05:24:17.977Z",
      "side": "buy",
      "amount": 0.00007368556013552249,
      "price": 67855.9,
      "value": 5,
      "strategy": "strong_buy"
    },
    {
      "pair": "BTC/USDT",
      "time": "2026-02-21T05:27:13.140Z",
      "side": "sell",
      "amount": 0.0000736937053784614,
      "price": 67848.4,
      "value": 5,
      "strategy": "strong_sell"
    },
    {
      "pair": "BTC/USDT",
      "time": "2026-02-21T05:31:03.338Z",
      "side": "buy",
      "amount": 0.00007369142452892757,
      "price": 67850.5,
      "value": 5,
      "strategy": "strong_buy"
    },
    {
      "pair": "BTC/USDT",
      "time": "2026-02-21T05:33:03.461Z",
      "side": "sell",
      "amount": 0.00007369805024438274,
      "price": 67844.4,
      "value": 5,
      "strategy": "strong_sell"
    },
    {
      "pair": "BTC/USDT",
      "time": "2026-02-21T05:35:43.610Z",
      "side": "buy",
      "amount": 0.00007369946243612099,
      "price": 67843.1,
      "value": 5,
      "strategy": "strong_buy"
    },
    {
      "pair": "BTC/USDT",
      "time": "2026-02-21T05:37:28.640Z",
      "side": "sell",
      "amount": 0.00007370087468198072,
      "price": 67841.8,
      "value": 5,
      "strategy": "strong_sell"
    },
    {
      "pair": "BTC/USDT",
      "time": "2026-02-21T05:38:28.731Z",
      "side": "buy",
      "amount": 0.00007371369600471768,
      "price": 67830,
      "value": 5,
      "strategy": "buy"
    },
    {
      "pair": "BTC/USDT",
      "time": "2026-02-21T05:40:23.837Z",
      "side": "sell",
      "amount": 0.00007371152258521052,
      "price": 67832,
      "value": 5,
      "strategy": "strong_sell"
    },
    {
      "pair": "BTC/USDT",
      "time": "2026-02-21T05:43:49.005Z",
      "side": "buy",
      "amount": 0.00007368762342676923,
      "price": 67854,
      "value": 5,
      "strategy": "strong_buy"
    },
    {
      "pair": "BTC/USDT",
      "time": "2026-02-21T05:44:49.043Z",
      "side": "sell",
      "amount": 0.00007368219396100739,
      "price": 67859,
      "value": 5,
      "strategy": "sell"
    },
    {
      "pair": "BTC/USDT",
      "time": "2026-02-21T05:46:59.148Z",
      "side": "buy",
      "amount": 0.00007368197679901915,
      "price": 67859.2,
      "value": 5,
      "strategy": "strong_buy"
    },
    {
      "pair": "BTC/USDT",
      "time": "2026-02-21T05:50:59.358Z",
      "side": "sell",
      "amount": 0.00007371695637430521,
      "price": 67827,
      "value": 5,
      "strategy": "strong_sell"
    },
    {
      "pair": "BTC/USDT",
      "time": "2026-02-21T05:55:14.541Z",
      "side": "buy",
      "amount": 0.00007366873233792143,
      "price": 67871.4,
      "value": 5,
      "strategy": "strong_buy"
    },
    {
      "pair": "BTC/USDT",
      "time": "2026-02-21T05:56:39.651Z",
      "side": "sell",
      "amount": 0.00007369413984199976,
      "price": 67848,
      "value": 5,
      "strategy": "sell"
    },
    {
      "pair": "BTC/USDT",
      "time": "2026-02-21T05:57:19.682Z",
      "side": "buy",
      "amount": 0.00007369511740369152,
      "price": 67847.1,
      "value": 5,
      "strategy": "strong_buy"
    },
    {
      "pair": "BTC/USDT",
      "time": "2026-02-21T05:58:19.726Z",
      "side": "sell",
      "amount": 0.00007368881801662125,
      "price": 67852.9,
      "value": 5,
      "strategy": "strong_sell"
    },
    {
      "pair": "BTC/USDT",
      "time": "2026-02-21T05:59:29.802Z",
      "side": "buy",
      "amount": 0.0000736933795341694,
      "price": 67848.7,
      "value": 5,
      "strategy": "buy"
    },
    {
      "pair": "BTC/USDT",
      "time": "2026-02-21T05:59:44.795Z",
      "side": "sell",
      "amount": 0.00007368056527729681,
      "price": 67860.5,
      "value": 5,
      "strategy": "sell"
    },
    {
      "pair": "BTC/USDT",
      "time": "2026-02-21T06:01:39.932Z",
      "side": "buy",
      "amount": 0.00007367350847982083,
      "price": 67867,
      "value": 5,
      "strategy": "strong_buy"
    },
    {
      "pair": "BTC/USDT",
      "time": "2026-02-21T06:02:59.980Z",
      "side": "sell",
      "amount": 0.00007367307425951194,
      "price": 67867.4,
      "value": 5,
      "strategy": "sell"
    },
    {
      "pair": "BTC/USDT",
      "time": "2026-02-21T06:03:30.016Z",
      "side": "buy",
      "amount": 0.00007368414847650654,
      "price": 67857.2,
      "value": 5,
      "strategy": "strong_buy"
    },
    {
      "pair": "BTC/USDT",
      "time": "2026-02-21T06:03:50.038Z",
      "side": "sell",
      "amount": 0.00007364724736048266,
      "price": 67891.2,
      "value": 5,
