{
  "trades": [
    {
      "time": "2026-02-16T18:05:35.647Z",
      "side": "buy",
      "amount": 0.000014687173787772742,
      "price": 68086.6186,
      "value": 1
    },
    {
      "time": "2026-02-16T18:05:36.041Z",
      "side": "buy",
      "amount": 0.00001467251592970111,
      "price": 68154.63720000001,
      "value": 1
    },
    {
      "time": "2026-02-16T18:05:36.421Z",
      "side": "buy",
      "amount": 0.00001465788729966153,
      "price": 68222.6558,
      "value": 1
    },
    {
      "time": "2026-02-16T18:05:36.808Z",
      "side": "buy",
      "amount": 0.000014643287810319236,
      "price": 68290.6744,
      "value": 1
    },
    {
      "time": "2026-02-16T18:10:26.895Z",
      "side": "sell",
      "amount": 0.000014687173787772742,
      "price": 68086.6186,
      "value": 1
    },
    {
      "time": "2026-02-16T18:21:12.444Z",
      "side": "sell",
      "amount": 0.00001467251592970111,
      "price": 68154.63720000001,
      "value": 1
    },
    {
      "time": "2026-02-16T18:28:12.789Z",
      "side": "buy",
      "amount": 0.00001467251592970111,
      "price": 68154.63720000001,
      "value": 1
    },
    {
      "time": "2026-02-17T02:46:34.248Z",
      "side": "buy",
      "amount": 0.000014487618812146951,
      "price": 69024.4555,
      "value": 1
    },
    {
      "time": "2026-02-17T02:46:34.556Z",
      "side": "buy",
      "amount": 0.00001447316011073762,
      "price": 69093.41100000001,
      "value": 1
    },
    {
      "time": "2026-02-17T02:46:34.873Z",
      "side": "buy",
      "amount": 0.000014458730240238384,
      "price": 69162.36649999999,
      "value": 1
    },
    {
      "time": "2026-02-17T02:46:35.179Z",
      "side": "buy",
      "amount": 0.000014444329114501093,
      "price": 69231.322,
      "value": 1
    },
    {
      "time": "2026-02-17T02:59:07.723Z",
      "side": "buy",
      "amount": 0.000014502106430959097,
      "price": 68955.5,
      "value": 1
    },
    {
      "time": "2026-02-17T02:59:37.739Z",
      "side": "buy",
      "amount": 0.00001451662305401311,
      "price": 68886.5445,
      "value": 1
    },
    {
      "time": "2026-02-17T03:03:52.965Z",
      "side": "buy",
      "amount": 0.000014531168768496091,
      "price": 68817.58899999999,
      "value": 1
    },
    {
      "time": "2026-02-17T03:04:22.958Z",
      "side": "buy",
      "amount": 0.000014545743661944933,
      "price": 68748.6335,
      "value": 1
    },
    {
      "time": "2026-02-17T03:05:56.056Z",
      "side": "buy",
      "amount": 0.00001456034782224809,
      "price": 68679.678,
      "value": 1
    },
    {
      "time": "2026-02-17T03:09:32.268Z",
      "side": "sell",
      "amount": 0.00001456034782224809,
      "price": 68679.678,
      "value": 1
    },
    {
      "time": "2026-02-17T03:11:20.371Z",
      "side": "buy",
      "amount": 0.00001456034782224809,
      "price": 68679.678,
      "value": 1
    },
    {
      "time": "2026-02-17T03:14:59.579Z",
      "side": "sell",
      "amount": 0.00001456034782224809,
      "price": 68679.678,
      "value": 1
    },
    {
      "time": "2026-02-17T04:07:45.700Z",
      "side": "buy",
      "amount": 0.000014604188854354412,
      "price": 68473.5051,
      "value": 0.9999999999999999
    },
    {
      "time": "2026-02-17T04:07:45.927Z",
      "side": "buy",
      "amount": 0.000014589613815577609,
      "price": 68541.91020000001,
      "value": 1
    },
    {
      "time": "2026-02-17T04:07:46.134Z",
      "side": "buy",
      "amount": 0.000014575067839689697,
      "price": 68610.3153,
      "value": 1
    },
    {
      "time": "2026-02-17T04:07:46.352Z",
      "side": "buy",
      "amount": 0.000014560550839849368,
      "price": 68678.7204,
      "value": 1
    },
    {
      "time": "2026-02-17T04:10:30.802Z",
      "side": "sell",
      "amount": 0.000014604188854354412,
      "price": 68473.5051,
      "value": 0.9999999999999999
    },
    {
      "time": "2026-02-17T04:11:18.860Z",
      "side": "sell",
      "amount": 0.000014589613815577609,
      "price": 68541.91020000001,
      "value": 1
    },
    {
      "time": "2026-02-17T04:16:01.100Z",
      "side": "buy",
      "amount": 0.000014589613815577609,
      "price": 68541.91020000001,
      "value": 1
    },
    {
      "pair": "BTC/USDT",
      "time": "2026-02-17T04:17:19.221Z",
      "side": "buy",
      "amount": 0.000014583934899379696,
      "price": 68568.6001,
      "value": 1
    },
    {
      "pair": "SOL/USDT",
      "time": "2026-02-17T04:17:19.223Z",
      "side": "buy",
      "amount": 0.011563546428679631,
      "price": 86.47865999999999,
      "value": 1
    },
    {
      "pair": "BTC/USDT",
      "time": "2026-02-17T04:17:19.429Z",
      "side": "buy",
      "amount": 0.000014569380074130813,
      "price": 68637.1002,
      "value": 1
    },
    {
      "pair": "BTC/USDT",
      "time": "2026-02-17T04:17:19.637Z",
      "side": "buy",
      "amount": 0.000014554854271464679,
      "price": 68705.6003,
      "value": 1
    },
    {
      "pair": "BTC/USDT",
      "time": "2026-02-17T04:17:19.853Z",
      "side": "buy",
      "amount": 0.00001454035740466043,
      "price": 68774.10040000001,
      "value": 1
    },
    {
      "pair": "ETH/USDT",
      "time": "2026-02-17T04:19:05.961Z",
      "side": "buy",
      "amount": 0.0005023653319050887,
      "price": 1990.58322,
      "value": 1
    },
    {
      "pair": "SOL/USDT",
      "time": "2026-02-17T04:19:05.962Z",
      "side": "buy",
      "amount": 0.011559524325574003,
      "price": 86.50874999999999,
      "value": 1
    },
    {
      "pair": "BTC/USDT",
      "time": "2026-02-17T04:19:05.964Z",
      "side": "buy",
      "amount": 0.000014577571851758339,
      "price": 68598.53,
      "value": 1
    },
    {
      "pair": "ETH/USDT",
      "time": "2026-02-17T04:19:06.170Z",
      "side": "buy",
      "amount": 0.0005013646041522896,
      "price": 1994.5564399999998,
      "value": 1
    },
    {
      "pair": "ETH/USDT",
      "time": "2026-02-17T04:19:23.423Z",
      "side": "buy",
      "amount": 0.000502385562773262,
      "price": 1990.50306,
      "value": 1
    },
    {
      "pair": "BTC/USDT",
      "time": "2026-02-17T04:19:23.424Z",
      "side": "buy",
      "amount": 0.00001457544498104755,
      "price": 68608.54,
      "value": 1
    },
    {
      "pair": "SOL/USDT",
      "time": "2026-02-17T04:19:23.425Z",
      "side": "buy",
      "amount": 0.011552827034539487,
      "price": 86.5589,
      "value": 1
    },
    {
      "pair": "ETH/USDT",
      "time": "2026-02-17T04:19:23.633Z",
      "side": "buy",
      "amount": 0.0005013847947199288,
      "price": 1994.47612,
      "value": 1
    },
    {
      "pair": "BTC/USDT",
      "time": "2026-02-17T04:19:23.634Z",
      "side": "buy",
      "amount": 0.000014560898628771054,
      "price": 68677.08,
      "value": 1
    },
    {
      "pair": "BTC/USDT",
      "time": "2026-02-17T04:19:23.846Z",
      "side": "buy",
      "amount": 0.000014546381282182052,
      "price": 68745.62,
      "value": 1
    },
    {
      "pair": "BTC/USDT",
      "time": "2026-02-17T04:19:24.057Z",
      "side": "buy",
      "amount": 0.000014531892854610155,
      "price": 68814.16,
      "value": 1
    },
    {
      "pair": "SOL/USDT",
      "time": "2026-02-17T04:19:53.428Z",
      "side": "buy",
      "amount": 0.011518375264058755,
      "price": 86.81779999999999,
      "value": 1
    },
    {
      "pair": "ETH/USDT",
      "time": "2026-02-17T04:20:03.455Z",
      "side": "buy",
      "amount": 0.0005003880058636267,
      "price": 1998.44918,
      "value": 1
    },
    {
      "pair": "ETH/USDT",
      "time": "2026-02-17T04:20:48.472Z",
      "side": "sell",
      "amount": 0.000502385562773262,
      "price": 1990.50306,
      "value": 1
    },
    {
      "pair": "BTC/USDT",
      "time": "2026-02-17T04:20:48.493Z",
      "side": "sell",
      "amount": 0.00001457544498104755,
      "price": 68608.54,
      "value": 1
    },
    {
      "pair": "ETH/USDT",
      "time": "2026-02-17T04:20:48.681Z",
      "side": "buy",
      "amount": 0.0004993951725186592,
      "price": 2002.4222399999999,
      "value": 1
    },
    {
      "pair": "SOL/USDT",
      "time": "2026-02-17T04:23:28.620Z",
      "side": "buy",
      "amount": 0.011484128360399512,
      "price": 87.07669999999999,
      "value": 1
    },
    {
      "pair": "ETH/USDT",
      "time": "2026-02-17T04:24:53.726Z",
      "side": "sell",
      "amount": 0.0005013847947199288,
      "price": 1994.47612,
      "value": 1
    },
    {
      "pair": "ETH/USDT",
      "time": "2026-02-17T04:30:13.988Z",
      "side": "buy",
      "amount": 0.0005013847947199288,
      "price": 1994.47612,
      "value": 1
    },
    {
      "pair": "BTC/USDT",
      "time": "2026-02-17T04:30:34.354Z",
      "side": "buy",
      "amount": 0.00001457544498104755,
      "price": 68608.54,
      "value": 1
    },
    {
      "pair": "BTC/USDT",
      "time": "2026-02-17T04:31:09.451Z",
      "side": "buy",
      "amount": 0.000014590020426028596,
      "price": 68540,
      "value": 1
    },
    {
      "pair": "ETH/USDT",
      "time": "2026-02-17T04:31:29.088Z",
      "side": "buy",
      "amount": 0.000502385562773262,
      "price": 1990.50306,
      "value": 1
    },
    {
      "pair": "SOL/USDT",
      "time": "2026-02-17T04:31:34.095Z",
      "side": "buy",
      "amount": 0.011587485515643106,
      "price": 86.3,
      "value": 1
    },
    {
      "pair": "BTC/USDT",
      "time": "2026-02-17T04:31:59.119Z",
      "side": "buy",
      "amount": 0.000014604625051079676,
      "price": 68471.46,
      "value": 1
    },
    {
      "pair": "ETH/USDT",
      "time": "2026-02-17T04:32:04.100Z",
      "side": "buy",
      "amount": 0.0005033903338988085,
      "price": 1986.53,
      "value": 1
    },
    {
      "pair": "BTC/USDT",
      "time": "2026-02-17T04:32:04.195Z",
      "side": "buy",
      "amount": 0.00001461925894391643,
      "price": 68402.92,
      "value": 1
    },
    {
      "pair": "BTC/USDT",
      "time": "2026-02-17T04:32:49.138Z",
      "side": "buy",
      "amount": 0.000014633922192606414,
      "price": 68334.38,
      "value": 1
    },
    {
      "pair": "BTC/USDT",
      "time": "2026-02-17T04:34:29.243Z",
      "side": "sell",
      "amount": 0.000014633922192606414,
      "price": 68334.38,
      "value": 1
    },
    {
      "pair": "ETH/USDT",
      "time": "2026-02-17T04:38:59.484Z",
      "side": "sell",
      "amount": 0.0005033903338988085,
      "price": 1986.53,
      "value": 1
    },
    {
      "pair": "BTC/USDT",
      "time": "2026-02-17T04:39:24.512Z",
      "side": "sell",
      "amount": 0.00001461925894391643,
      "price": 68402.92,
      "value": 1
    },
    {
      "pair": "SOL/USDT",
      "time": "2026-02-17T04:48:04.991Z",
      "side": "sell",
      "amount": 0.011587485515643106,
      "price": 86.3,
      "value": 1
    },
    {
      "pair": "BTC/USDT",
      "time": "2026-02-17T05:02:20.792Z",
      "side": "sell",
      "amount": 0.000014604625051079676,
      "price": 68471.46,
      "value": 1
    },
    {
      "pair": "BTC/USDT",
      "time": "2026-02-17T05:08:41.113Z",
      "side": "buy",
      "amount": 0.000014604625051079676,
      "price": 68471.46,
      "value": 1
    },
    {
      "pair": "BTC/USDT",
      "time": "2026-02-17T05:14:46.463Z",
      "side": "buy",
      "amount": 0.00001461925894391643,
      "price": 68402.92,
      "value": 1
    },
    {
      "pair": "ETH/USDT",
      "time": "2026-02-17T05:14:51.418Z",
      "side": "buy",
      "amount": 0.0005033903338988085,
      "price": 1986.53,
      "value": 1
    },
    {
      "pair": "SOL/USDT",
      "time": "2026-02-17T05:14:51.437Z",
      "side": "buy",
      "amount": 0.011587485515643106,
      "price": 86.3,
      "value": 1
    },
    {
      "pair": "BTC/USDT",
      "time": "2026-02-17T05:16:26.533Z",
      "side": "buy",
      "amount": 0.000014633922192606414,
      "price": 68334.38,
      "value": 1
    },
    {
      "pair": "ETH/USDT",
      "time": "2026-02-17T05:19:41.733Z",
      "side": "buy",
      "amount": 0.0005043991321631348,
      "price": 1982.55694,
      "value": 1
    },
    {
      "pair": "BTC/USDT",
      "time": "2026-02-17T05:19:46.757Z",
      "side": "buy",
      "amount": 0.00001464861488557088,
      "price": 68265.84,
      "value": 1
    },
    {
      "pair": "ETH/USDT",
      "time": "2026-02-17T05:19:56.761Z",
      "side": "buy",
      "amount": 0.0005054119818261129,
      "price": 1978.58388,
      "value": 1
    },
    {
      "pair": "SOL/USDT",
      "time": "2026-02-17T05:19:56.763Z",
      "side": "buy",
      "amount": 0.011622352573363194,
      "price": 86.0411,
      "value": 1
    },
    {
      "pair": "BTC/USDT",
      "time": "2026-02-17T05:20:31.809Z",
      "side": "buy",
      "amount": 0.000014663337111586528,
      "price": 68197.3,
      "value": 1
    },
    {
      "pair": "ETH/USDT",
      "time": "2026-02-17T05:23:46.948Z",
      "side": "buy",
      "amount": 0.0005064289073428657,
      "price": 1974.6108199999999,
      "value": 1
    },
    {
      "pair": "ETH/USDT",
      "time": "2026-02-17T05:32:07.380Z",
      "side": "buy",
      "amount": 0.0005074499333657343,
      "price": 1970.63776,
      "value": 1
    },
    {
      "pair": "SOL/USDT",
      "time": "2026-02-17T05:33:52.513Z",
      "side": "buy",
      "amount": 0.011657430096220427,
      "price": 85.7822,
      "value": 1
    },
    {
      "pair": "ETH/USDT",
      "time": "2026-02-17T05:41:22.889Z",
      "side": "sell",
      "amount": 0.0005074499333657343,
      "price": 1970.63776,
      "value": 1
    },
    {
      "pair": "SOL/USDT",
      "time": "2026-02-17T05:41:27.882Z",
      "side": "sell",
      "amount": 0.011657430096220427,
      "price": 85.7822,
      "value": 1
    },
    {
      "pair": "SOL/USDT",
      "time": "2026-02-17T05:45:08.096Z",
      "side": "sell",
      "amount": 0.011622352573363194,
      "price": 86.0411,
      "value": 1
    },
    {
      "pair": "BTC/USDT",
      "time": "2026-02-17T05:52:43.523Z",
      "side": "sell",
      "amount": 0.000014663337111586528,
      "price": 68197.3,
      "value": 1
    },
    {
      "pair": "ETH/USDT",
      "time": "2026-02-17T05:57:18.767Z",
      "side": "sell",
      "amount": 0.0005064289073428657,
      "price": 1974.6108199999999,
      "value": 1
    },
    {
      "pair": "SOL/USDT",
      "time": "2026-02-17T06:03:14.061Z",
      "side": "sell",
      "amount": 0.011587485515643106,
      "price": 86.3,
      "value": 1
    },
    {
      "pair": "BTC/USDT",
      "time": "2026-02-17T06:06:34.243Z",
      "side": "sell",
      "amount": 0.00001464861488557088,
      "price": 68265.84,
      "value": 1
    },
    {
      "pair": "BTC/USDT",
      "time": "2026-02-17T06:08:49.365Z",
      "side": "sell",
      "amount": 0.000014633922192606414,
      "price": 68334.38,
      "value": 1
    },
    {
      "pair": "ETH/USDT",
      "time": "2026-02-17T06:10:49.479Z",
      "side": "sell",
      "amount": 0.0005054119818261129,
      "price": 1978.58388,
      "value": 1
    },
    {
      "pair": "BTC/USDT",
      "time": "2026-02-17T06:11:14.513Z",
      "side": "sell",
      "amount": 0.00001461925894391643,
      "price": 68402.92,
      "value": 1
    },
    {
      "pair": "BTC/USDT",
      "time": "2026-02-17T06:14:19.698Z",
      "side": "buy",
      "amount": 0.00001461925894391643,
      "price": 68402.92,
      "value": 1
    },
    {
      "pair": "BTC/USDT",
      "time": "2026-02-17T06:28:50.458Z",
      "side": "sell",
      "amount": 0.00001461925894391643,
      "price": 68402.92,
      "value": 1
    },
    {
      "pair": "SOL/USDT",
      "time": "2026-02-17T06:28:50.458Z",
      "side": "sell",
      "amount": 0.011552827034539487,
      "price": 86.5589,
      "value": 1
    },
    {
      "pair": "ETH/USDT",
      "time": "2026-02-17T06:29:05.487Z",
      "side": "sell",
      "amount": 0.0005043991321631348,
      "price": 1982.55694,
      "value": 1
    },
    {
      "pair": "ETH/USDT",
      "time": "2026-02-17T06:37:10.896Z",
      "side": "buy",
      "amount": 0.0005043991321631348,
      "price": 1982.55694,
      "value": 1
    },
    {
      "pair": "BTC/USDT",
      "time": "2026-02-17T06:42:01.166Z",
      "side": "sell",
      "amount": 0.000014604625051079676,
      "price": 68471.46,
      "value": 1
    },
    {
      "pair": "BTC/USDT",
      "time": "2026-02-17T06:46:21.396Z",
      "side": "buy",
      "amount": 0.000014604625051079676,
      "price": 68471.46,
      "value": 1
    },
    {
      "pair": "SOL/USDT",
      "time": "2026-02-17T07:01:02.195Z",
      "side": "buy",
      "amount": 0.011552827034539487,
      "price": 86.5589,
      "value": 1
    },
    {
      "pair": "BTC/USDT",
      "time": "2026-02-17T07:03:17.640Z",
      "side": "buy",
      "amount": 0.00001461925894391643,
      "price": 68402.92,
      "value": 1
    },
    {
      "pair": "BTC/USDT",
      "time": "2026-02-17T07:09:32.637Z",
      "side": "buy",
      "amount": 0.000014633922192606414,
      "price": 68334.38,
      "value": 1
    },
    {
      "pair": "SOL/USDT",
      "time": "2026-02-17T07:09:37.614Z",
      "side": "buy",
      "amount": 0.011587485515643106,
      "price": 86.3,
      "value": 1
    },
    {
      "pair": "ETH/USDT",
      "time": "2026-02-17T07:09:42.649Z",
      "side": "buy",
      "amount": 0.0005054119818261129,
      "price": 1978.58388,
      "value": 1
    },
    {
      "pair": "BTC/USDT",
      "time": "2026-02-17T07:17:08.016Z",
      "side": "sell",
      "amount": 0.000014633922192606414,
      "price": 68334.38,
      "value": 1
    },
    {
      "pair": "BTC/USDT",
      "time": "2026-02-17T07:20:13.210Z",
      "side": "buy",
      "amount": 0.000014633922192606414,
      "price": 68334.38,
      "value": 1
    },
    {
      "pair": "BTC/USDT",
      "time": "2026-02-17T07:27:33.617Z",
      "side": "buy",
      "amount": 0.00001464861488557088,
      "price": 68265.84,
      "value": 1
    },
    {
      "pair": "BTC/USDT",
      "time": "2026-02-17T07:37:29.122Z",
      "side": "sell",
      "amount": 0.00001464861488557088,
      "price": 68265.84,
      "value": 1
    },
    {
      "pair": "ETH/USDT",
      "time": "2026-02-17T07:37:49.137Z",
      "side": "sell",
      "amount": 0.0005054119818261129,
      "price": 1978.58388,
      "value": 1
    },
    {
      "pair": "BTC/USDT",
      "time": "2026-02-17T07:37:49.138Z",
      "side": "sell",
      "amount": 0.000014633922192606414,
      "price": 68334.38,
      "value": 1
    },
    {
      "pair": "SOL/USDT",
      "time": "2026-02-17T07:39:09.203Z",
      "side": "sell",
      "amount": 0.011587485515643106,
      "price": 86.3,
      "value": 1
    },
    {
      "pair": "BTC/USDT",
      "time": "2026-02-17T07:39:24.236Z",
      "side": "sell",
      "amount": 0.00001461925894391643,
      "price": 68402.92,
      "value": 1
    },
    {
      "pair": "ETH/USDT",
      "time": "2026-02-17T07:49:09.746Z",
      "side": "sell",
      "amount": 0.0005043991321631348,
      "price": 1982.55694,
      "value": 1
    },
    {
      "pair": "ETH/USDT",
      "time": "2026-02-17T08:01:10.391Z",
      "side": "sell",
      "amount": 0.0005033903338988085,
      "price": 1986.53,
      "value": 1
    },
    {
      "pair": "SOL/USDT",
      "time": "2026-02-17T08:01:10.392Z",
      "side": "sell",
      "amount": 0.011552827034539487,
      "price": 86.5589,
      "value": 1
    },
    {
      "pair": "BTC/USDT",
      "time": "2026-02-17T08:12:33.716Z",
      "side": "buy",
      "amount": 0.000014576998406702005,
      "price": 68601.2286,
      "value": 1
    },
    {
      "pair": "ETH/USDT",
      "time": "2026-02-17T08:12:33.726Z",
      "side": "buy",
      "amount": 0.0005009843591180131,
      "price": 1996.0702999999996,
      "value": 1
    },
    {
      "pair": "BTC/USDT",
      "time": "2026-02-17T08:12:33.922Z",
      "side": "buy",
      "amount": 0.000014547960561270327,
      "price": 68738.1572,
      "value": 1
    },
    {
      "pair": "BTC/USDT",
      "time": "2026-02-17T08:13:11.820Z",
      "side": "buy",
      "amount": 0.000014562231040507439,
      "price": 68670.79619999998,
      "value": 1
    },
    {
      "pair": "SOL/USDT",
      "time": "2026-02-17T08:13:11.821Z",
      "side": "buy",
      "amount": 0.011489398272637907,
      "price": 87.03676,
      "value": 1
    },
    {
      "pair": "ETH/USDT",
      "time": "2026-02-17T08:13:11.823Z",
      "side": "buy",
      "amount": 0.000499949692562186,
      "price": 2000.2012499999998,
      "value": 1
    },
    {
      "pair": "BTC/USDT",
      "time": "2026-02-17T08:15:21.952Z",
      "side": "buy",
      "amount": 0.000014605917733628958,
      "price": 68465.4,
      "value": 1
    },
    {
      "pair": "ETH/USDT",
      "time": "2026-02-17T08:19:52.132Z",
      "side": "buy",
      "amount": 0.0005024494410249969,
      "price": 1990.25,
      "value": 1
    },
    {
      "pair": "ETH/USDT",
      "time": "2026-02-17T08:36:42.815Z",
      "side": "buy",
      "amount": 0.0005049743125879366,
      "price": 1980.29875,
      "value": 1
    },
    {
      "pair": "BTC/USDT",
      "time": "2026-02-17T08:36:47.814Z",
      "side": "buy",
      "amount": 0.000014649867335635867,
      "price": 68260.00379999999,
      "value": 1
    },
    {
      "pair": "SOL/USDT",
      "time": "2026-02-17T08:51:38.480Z",
      "side": "buy",
      "amount": 0.01158168259611291,
      "price": 86.34324,
      "value": 1
    },
    {
      "pair": "BTC/USDT",
      "time": "2026-02-17T10:16:21.976Z",
      "side": "buy",
      "amount": 0.000014694082226990904,
      "price": 68054.60759999999,
      "value": 1
    },
    {
      "pair": "ETH/USDT",
      "time": "2026-02-17T10:16:37.015Z",
      "side": "buy",
      "amount": 0.0005075246879040372,
      "price": 1970.3475,
      "value": 1
    },
    {
      "pair": "SOL/USDT",
      "time": "2026-02-17T10:18:37.067Z",
      "side": "buy",
      "amount": 0.011675461402559168,
      "price": 85.64972,
      "value": 1
    },
    {
      "pair": "BTC/USDT",
      "time": "2026-02-17T10:51:03.434Z",
      "side": "buy",
      "amount": 0.000014738564816981793,
      "price": 67849.2114,
      "value": 1
    },
    {
      "pair": "BTC/USDT",
      "time": "2026-02-17T11:22:18.490Z",
      "side": "buy",
      "amount": 0.000014690499930463988,
      "price": 68071.2028,
      "value": 1
    },
    {
      "pair": "ETH/USDT",
      "time": "2026-02-17T11:22:43.903Z",
      "side": "buy",
      "amount": 0.0005054094606333413,
      "price": 1978.5937499999998,
      "value": 1
    },
    {
      "pair": "SOL/USDT",
      "time": "2026-02-17T11:24:03.549Z",
      "side": "buy",
      "amount": 0.011727492479159073,
      "price": 85.26972,
      "value": 1
    },
    {
      "pair": "BTC/USDT",
      "time": "2026-02-17T11:25:53.638Z",
      "side": "buy",
      "amount": 0.000014734571430255378,
      "price": 67867.6,
      "value": 1
    },
    {
      "pair": "BTC/USDT",
      "time": "2026-02-17T12:05:50.299Z",
      "side": "buy",
      "amount": 0.000014646691282560019,
      "price": 68274.8056,
      "value": 1
    },
    {
      "pair": "BTC/USDT",
      "time": "2026-02-17T12:07:10.385Z",
      "side": "sell",
      "amount": 0.000014734571430255378,
      "price": 67867.6,
      "value": 1
    },
    {
      "pair": "BTC/USDT",
      "time": "2026-02-17T12:07:40.396Z",
      "side": "buy",
      "amount": 0.00001460314314197758,
      "price": 68478.4084,
      "value": 1
    },
    {
      "pair": "DOGE/USDT",
      "time": "2026-02-17T12:27:11.224Z",
      "side": "buy",
      "amount": 10.008076517749824,
      "price": 0.0999193,
      "value": 1
    },
    {
      "pair": "BTC/USDT",
      "time": "2026-02-17T12:35:36.574Z",
      "side": "sell",
      "amount": 0.000014690499930463988,
      "price": 68071.2028,
      "value": 1
    },
    {
      "pair": "SOL/USDT",
      "time": "2026-02-17T12:36:36.613Z",
      "side": "buy",
      "amount": 0.011634785028730938,
      "price": 85.94916,
      "value": 1
    },
    {
      "pair": "BTC/USDT",
      "time": "2026-02-17T12:57:42.582Z",
      "side": "buy",
      "amount": 0.000014690499930463988,
      "price": 68071.2028,
      "value": 1
    },
    {
      "pair": "BTC/USDT",
      "time": "2026-02-17T13:04:12.849Z",
      "side": "buy",
      "amount": 0.000014734571430255378,
      "price": 67867.6,
      "value": 1
    },
    {
      "pair": "BTC/USDT",
      "time": "2026-02-17T13:10:08.113Z",
      "side": "sell",
      "amount": 0.000014734571430255378,
      "price": 67867.6,
      "value": 1
    },
    {
      "pair": "ETH/USDT",
      "time": "2026-02-17T13:10:18.139Z",
      "side": "buy",
      "amount": 0.0005029074336005029,
      "price": 1988.4375,
      "value": 1
    },
    {
      "pair": "ETH/USDT",
      "time": "2026-02-17T13:11:18.557Z",
      "side": "sell",
      "amount": 0.0005054094606333413,
      "price": 1978.5937499999998,
      "value": 1
    },
    {
      "pair": "BTC/USDT",
      "time": "2026-02-17T13:23:53.723Z",
      "side": "sell",
      "amount": 0.000014690499930463988,
      "price": 68071.2028,
      "value": 1
    },
    {
      "pair": "ETH/USDT",
      "time": "2026-02-17T13:24:53.772Z",
      "side": "buy",
      "amount": 0.0005004300570803034,
      "price": 1998.2812499999998,
      "value": 1
    },
    {
      "pair": "BTC/USDT",
      "time": "2026-02-17T13:24:53.773Z",
      "side": "buy",
      "amount": 0.000014559853191951954,
      "price": 68682.01120000001,
      "value": 1
    },
    {
      "pair": "BTC/USDT",
      "time": "2026-02-17T13:31:59.078Z",
      "side": "buy",
      "amount": 0.000014690499930463988,
      "price": 68071.2028,
      "value": 1
    },
    {
      "pair": "BTC/USDT",
      "time": "2026-02-17T13:50:54.916Z",
      "side": "sell",
      "amount": 0.000014690499930463988,
      "price": 68071.2028,
      "value": 1
    },
    {
      "pair": "ETH/USDT",
      "time": "2026-02-17T13:51:34.944Z",
      "side": "sell",
      "amount": 0.0005029074336005029,
      "price": 1988.4375,
      "value": 1
    },
    {
      "pair": "ETH/USDT",
      "time": "2026-02-17T13:52:09.948Z",
      "side": "buy",
      "amount": 0.0004979769685652039,
      "price": 2008.125,
      "value": 1
    },
    {
      "pair": "BTC/USDT",
      "time": "2026-02-17T14:31:06.702Z",
      "side": "buy",
      "amount": 0.000014690499930463988,
      "price": 68071.2028,
      "value": 1
    },
    {
      "pair": "BTC/USDT",
      "time": "2026-02-17T14:31:46.701Z",
      "side": "sell",
      "amount": 0.000014690499930463988,
      "price": 68071.2028,
      "value": 1
    },
    {
      "pair": "BTC/USDT",
      "time": "2026-02-17T14:32:56.768Z",
      "side": "buy",
      "amount": 0.000014690499930463988,
      "price": 68071.2028,
      "value": 1
    },
    {
      "pair": "ETH/USDT",
      "time": "2026-02-17T14:38:32.027Z",
      "side": "buy",
      "amount": 0.0005029074336005029,
      "price": 1988.4375,
      "value": 1
    },
    {
      "pair": "BTC/USDT",
      "time": "2026-02-17T14:38:47.026Z",
      "side": "buy",
      "amount": 0.000014734571430255378,
      "price": 67867.6,
      "value": 1
    },
    {
      "pair": "BTC/USDT",
      "time": "2026-02-17T14:39:02.069Z",
      "side": "buy",
      "amount": 0.000014778908154719535,
      "price": 67663.99720000001,
      "value": 1
    },
    {
      "pair": "ETH/USDT",
      "time": "2026-02-17T14:40:22.090Z",
      "side": "buy",
      "amount": 0.0005054094606333413,
      "price": 1978.5937499999998,
      "value": 1
    },
    {
      "pair": "SOL/USDT",
      "time": "2026-02-17T14:41:47.158Z",
      "side": "buy",
      "amount": 0.011821689205899306,
      "price": 84.59028,
      "value": 1
    },
    {
      "pair": "BTC/USDT",
      "time": "2026-02-17T14:41:52.576Z",
      "side": "buy",
      "amount": 0.0000148235125052871,
      "price": 67460.3944,
      "value": 1
    },
    {
      "pair": "ETH/USDT",
      "time": "2026-02-17T14:42:57.207Z",
      "side": "buy",
      "amount": 0.0005079365079365079,
      "price": 1968.75,
      "value": 1
    },
    {
      "pair": "BTC/USDT",
      "time": "2026-02-17T14:43:32.210Z",
      "side": "buy",
      "amount": 0.000014868386912467586,
      "price": 67256.79160000001,
      "value": 1
    },
    {
      "pair": "BTC/USDT",
      "time": "2026-02-17T14:45:32.291Z",
      "side": "buy",
      "amount": 0.00001491353383629087,
      "price": 67053.1888,
      "value": 1
    },
    {
      "pair": "SOL/USDT",
      "time": "2026-02-17T14:45:42.313Z",
      "side": "buy",
      "amount": 0.011917411385704159,
      "price": 83.91084000000001,
      "value": 1
    },
    {
      "pair": "ETH/USDT",
      "time": "2026-02-17T14:45:57.311Z",
      "side": "buy",
      "amount": 0.000510488952700008,
      "price": 1958.90625,
      "value": 1
    },
    {
      "pair": "BTC/USDT",
      "time": "2026-02-17T15:09:08.249Z",
      "side": "sell",
      "amount": 0.00001491353383629087,
      "price": 67053.1888,
      "value": 1
    },
    {
      "pair": "BTC/USDT",
      "time": "2026-02-17T15:13:38.475Z",
      "side": "buy",
      "amount": 0.00001491353383629087,
      "price": 67053.1888,
      "value": 1
    },
    {
      "pair": "ETH/USDT",
      "time": "2026-02-17T15:19:03.689Z",
      "side": "sell",
      "amount": 0.000510488952700008,
      "price": 1958.90625,
      "value": 1
    },
    {
      "pair": "BTC/USDT",
      "time": "2026-02-17T15:20:03.727Z",
      "side": "sell",
      "amount": 0.00001491353383629087,
      "price": 67053.1888,
      "value": 1
    },
    {
      "pair": "BTC/USDT",
      "time": "2026-02-17T15:23:53.982Z",
      "side": "buy",
      "amount": 0.00001491353383629087,
      "price": 67053.1888,
      "value": 1
    },
    {
      "pair": "ETH/USDT",
      "time": "2026-02-17T15:25:39.101Z",
      "side": "buy",
      "amount": 0.000510488952700008,
      "price": 1958.90625,
      "value": 1
    },
    {
      "pair": "BTC/USDT",
      "time": "2026-02-17T15:33:29.293Z",
      "side": "buy",
      "amount": 0.000014958955766756728,
      "price": 66849.58600000001,
      "value": 1
    },
    {
      "pair": "ETH/USDT",
      "time": "2026-02-17T15:33:29.303Z",
      "side": "buy",
      "amount": 0.0005130671797338464,
      "price": 1949.0625,
      "value": 1
    },
    {
      "pair": "ETH/USDT",
      "time": "2026-02-17T15:37:19.451Z",
      "side": "sell",
      "amount": 0.0005130671797338464,
      "price": 1949.0625,
      "value": 1
    },
    {
      "pair": "BTC/USDT",
      "time": "2026-02-17T15:37:19.453Z",
      "side": "sell",
      "amount": 0.000014958955766756728,
      "price": 66849.58600000001,
      "value": 1
    },
    {
      "pair": "BTC/USDT",
      "time": "2026-02-17T15:47:14.885Z",
      "side": "sell",
      "amount": 0.00001491353383629087,
      "price": 67053.1888,
      "value": 1
    },
    {
      "pair": "ETH/USDT",
      "time": "2026-02-17T15:51:55.086Z",
      "side": "sell",
      "amount": 0.000510488952700008,
      "price": 1958.90625,
      "value": 1
    },
    {
      "pair": "BTC/USDT",
      "time": "2026-02-17T15:51:55.097Z",
      "side": "sell",
      "amount": 0.000014868386912467586,
      "price": 67256.79160000001,
      "value": 1
    },
    {
      "pair": "ETH/USDT",
      "time": "2026-02-17T16:01:50.540Z",
      "side": "sell",
      "amount": 0.0005079365079365079,
      "price": 1968.75,
      "value": 1
    },
    {
      "pair": "BTC/USDT",
      "time": "2026-02-17T16:01:55.572Z",
      "side": "sell",
      "amount": 0.0000148235125052871,
      "price": 67460.3944,
      "value": 1
    },
    {
      "pair": "BTC/USDT",
      "time": "2026-02-17T16:02:05.540Z",
      "side": "sell",
      "amount": 0.000014778908154719535,
      "price": 67663.99720000001,
      "value": 1
    },
    {
      "pair": "ETH/USDT",
      "time": "2026-02-17T16:02:10.567Z",
      "side": "sell",
      "amount": 0.0005054094606333413,
      "price": 1978.5937499999998,
      "value": 1
    },
    {
      "pair": "ETH/USDT",
      "time": "2026-02-17T16:05:55.719Z",
      "side": "sell",
      "amount": 0.0005029074336005029,
      "price": 1988.4375,
      "value": 1
    },
    {
      "pair": "SOL/USDT",
      "time": "2026-02-17T16:06:15.957Z",
      "side": "sell",
      "amount": 0.011821689205899306,
      "price": 84.59028,
      "value": 1
    },
    {
      "pair": "SOL/USDT",
      "time": "2026-02-17T16:22:16.365Z",
      "side": "buy",
      "amount": 0.011821689205899306,
      "price": 84.59028,
      "value": 1
    },
    {
      "pair": "ETH/USDT",
      "time": "2026-02-17T16:22:16.375Z",
      "side": "buy",
      "amount": 0.0005029074336005029,
      "price": 1988.4375,
      "value": 1
    },
    {
      "pair": "SOL/USDT",
      "time": "2026-02-17T16:22:21.372Z",
      "side": "sell",
      "amount": 0.011917411385704159,
      "price": 83.91084000000001,
      "value": 1
    },
    {
      "pair": "BTC/USDT",
      "time": "2026-02-17T16:29:16.724Z",
      "side": "buy",
      "amount": 0.000014778908154719535,
      "price": 67663.99720000001,
      "value": 1
    },
    {
      "pair": "BTC/USDT",
      "time": "2026-02-17T16:34:51.918Z",
      "side": "sell",
      "amount": 0.000014778908154719535,
      "price": 67663.99720000001,
      "value": 1
    },
    {
      "pair": "ETH/USDT",
      "time": "2026-02-17T16:34:51.921Z",
      "side": "sell",
      "amount": 0.0005029074336005029,
      "price": 1988.4375,
      "value": 1
    },
    {
      "pair": "SOL/USDT",
      "time": "2026-02-17T16:35:31.966Z",
      "side": "sell",
      "amount": 0.011821689205899306,
      "price": 84.59028,
      "value": 1
    },
    {
      "pair": "BTC/USDT",
      "time": "2026-02-17T16:36:07.047Z",
      "side": "sell",
      "amount": 0.000014734571430255378,
      "price": 67867.6,
      "value": 1
    },
    {
      "pair": "ETH/USDT",
      "time": "2026-02-17T16:36:27.001Z",
      "side": "sell",
      "amount": 0.0005004300570803034,
      "price": 1998.2812499999998,
      "value": 1
    },
    {
      "pair": "ETH/USDT",
      "time": "2026-02-17T16:44:02.350Z",
      "side": "buy",
      "amount": 0.0005004300570803034,
      "price": 1998.2812499999998,
      "value": 1
    },
    {
      "pair": "BTC/USDT",
      "time": "2026-02-17T16:44:02.352Z",
      "side": "buy",
      "amount": 0.000014734571430255378,
      "price": 67867.6,
      "value": 1
    },
    {
      "pair": "BTC/USDT",
      "time": "2026-02-17T16:49:52.645Z",
      "side": "buy",
      "amount": 0.000014778908154719535,
      "price": 67663.99720000001,
      "value": 1
    },
    {
      "pair": "ETH/USDT",
      "time": "2026-02-17T16:51:22.654Z",
      "side": "buy",
      "amount": 0.0005029074336005029,
      "price": 1988.4375,
      "value": 1
    },
    {
      "pair": "BTC/USDT",
      "time": "2026-02-17T16:55:52.849Z",
      "side": "sell",
      "amount": 0.000014778908154719535,
      "price": 67663.99720000001,
      "value": 1
    },
    {
      "pair": "SOL/USDT",
      "time": "2026-02-17T16:57:42.941Z",
      "side": "buy",
      "amount": 0.011821689205899306,
      "price": 84.59028,
      "value": 1
    },
    {
      "pair": "BTC/USDT",
      "time": "2026-02-17T16:57:47.918Z",
      "side": "buy",
      "amount": 0.000014778908154719535,
      "price": 67663.99720000001,
      "value": 1
    },
    {
      "pair": "BTC/USDT",
      "time": "2026-02-17T17:10:38.495Z",
      "side": "buy",
      "amount": 0.0000148235125052871,
      "price": 67460.3944,
      "value": 1
    },
    {
      "pair": "ETH/USDT",
      "time": "2026-02-17T17:10:38.511Z",
      "side": "buy",
      "amount": 0.0005054094606333413,
      "price": 1978.5937499999998,
      "value": 1
    },
    {
      "pair": "SOL/USDT",
      "time": "2026-02-17T17:10:58.501Z",
      "side": "buy",
      "amount": 0.011917411385704159,
      "price": 83.91084000000001,
      "value": 1
    },
    {
      "pair": "ETH/USDT",
      "time": "2026-02-17T17:11:38.558Z",
      "side": "buy",
      "amount": 0.0005079365079365079,
      "price": 1968.75,
      "value": 1
    },
    {
      "pair": "BTC/USDT",
      "time": "2026-02-17T17:12:08.558Z",
      "side": "buy",
      "amount": 0.000014868386912467586,
      "price": 67256.79160000001,
      "value": 1
    },
    {
      "pair": "BTC/USDT",
      "time": "2026-02-17T17:18:58.873Z",
      "side": "sell",
      "amount": 0.000014868386912467586,
      "price": 67256.79160000001,
      "value": 1
    },
    {
      "pair": "ETH/USDT",
      "time": "2026-02-17T17:29:39.339Z",
      "side": "sell",
      "amount": 0.0005079365079365079,
      "price": 1968.75,
      "value": 1
    },
    {
      "pair": "ETH/USDT",
      "time": "2026-02-17T17:34:19.549Z",
      "side": "buy",
      "amount": 0.0005079365079365079,
      "price": 1968.75,
      "value": 1
    },
    {
      "pair": "BTC/USDT",
      "time": "2026-02-17T17:34:19.550Z",
      "side": "buy",
      "amount": 0.000014868386912467586,
      "price": 67256.79160000001,
      "value": 1
    },
    {
      "pair": "BTC/USDT",
      "time": "2026-02-17T17:45:10.035Z",
      "side": "buy",
      "amount": 0.00001491353383629087,
      "price": 67053.1888,
      "value": 1
    },
    {
      "pair": "BTC/USDT",
      "time": "2026-02-17T17:49:00.198Z",
      "side": "sell",
      "amount": 0.00001491353383629087,
      "price": 67053.1888,
      "value": 1
    },
    {
      "pair": "BTC/USDT",
      "time": "2026-02-17T18:04:43.091Z",
      "side": "buy",
      "amount": 0.000029609825920058162,
      "price": 67545.1455,
      "value": 2
    },
    {
      "pair": "ETH/USDT",
      "time": "2026-02-17T18:20:18.748Z",
      "side": "buy",
      "amount": 0.0010096310727289763,
      "price": 1980.9216000000001,
      "value": 2
    },
    {
      "pair": "BTC/USDT",
      "time": "2026-02-17T18:21:08.796Z",
      "side": "buy",
      "amount": 0.00002946324262342421,
      "price": 67881.191,
      "value": 2
    },
    {
      "pair": "ETH/USDT",
      "time": "2026-02-17T18:22:08.813Z",
      "side": "buy",
      "amount": 0.0010016812217626065,
      "price": 1996.6432,
      "value": 2
    },
    {
      "pair": "ETH/USDT",
      "time": "2026-02-17T18:22:43.851Z",
      "side": "sell",
      "amount": 0.0010096310727289763,
      "price": 1980.9216000000001,
      "value": 2
    },
    {
      "pair": "BTC/USDT",
      "time": "2026-02-17T18:22:43.855Z",
      "side": "sell",
      "amount": 0.000029609825920058162,
      "price": 67545.1455,
      "value": 2
    },
    {
      "pair": "BTC/USDT",
      "time": "2026-02-17T18:40:14.593Z",
      "side": "buy",
      "amount": 0.000029318103497200447,
      "price": 68217.2365,
      "value": 2
    },
    {
      "pair": "ETH/USDT",
      "time": "2026-02-17T18:40:19.592Z",
      "side": "buy",
      "amount": 0.000993855587217586,
      "price": 2012.3648,
      "value": 2
    },
    {
      "pair": "ETH/USDT",
      "time": "2026-02-17T18:40:54.619Z",
      "side": "sell",
      "amount": 0.0010016812217626065,
      "price": 1996.6432,
      "value": 2
    },
    {
      "pair": "BTC/USDT",
      "time": "2026-02-17T18:41:09.625Z",
      "side": "sell",
      "amount": 0.00002946324262342421,
      "price": 67881.191,
      "value": 2
    },
    {
      "pair": "BTC/USDT",
      "time": "2026-02-17T19:15:21.066Z",
      "side": "buy",
      "amount": 0.000029174387303586716,
      "price": 68553.282,
      "value": 2
    },
    {
      "pair": "BTC/USDT",
      "time": "2026-02-17T20:03:53.154Z",
      "side": "buy",
      "amount": 0.00002946324262342421,
      "price": 67881.191,
      "value": 2
    },
    {
      "pair": "ETH/USDT",
      "time": "2026-02-17T20:31:49.336Z",
      "side": "buy",
      "amount": 0.0010016812217626065,
      "price": 1996.6432,
      "value": 2
    },
    {
      "pair": "BTC/USDT",
      "time": "2026-02-17T22:20:30.315Z",
      "side": "buy",
      "amount": 0.0000294081970158635,
      "price": 68008.24949999999,
      "value": 2
    },
    {
      "pair": "BTC/USDT",
      "time": "2026-02-17T23:01:31.867Z",
      "side": "buy",
      "amount": 0.000029555238000942814,
      "price": 67669.9,
      "value": 2
    },
    {
      "pair": "ETH/USDT",
      "time": "2026-02-17T23:08:42.112Z",
      "side": "buy",
      "amount": 0.000999925005624578,
      "price": 2000.15,
      "value": 2
    },
    {
      "pair": "BTC/USDT",
      "time": "2026-02-18T01:04:51.513Z",
      "side": "buy",
      "amount": 0.000029703756784867147,
      "price": 67331.5505,
      "value": 2
    },
    {
      "pair": "ETH/USDT",
      "time": "2026-02-18T01:04:51.522Z",
      "side": "buy",
      "amount": 0.0010079889169602601,
      "price": 1984.1488000000002,
      "value": 2
    },
    {
      "pair": "ETH/USDT",
      "time": "2026-02-18T02:36:49.987Z",
      "side": "sell",
      "amount": 0.0010079889169602601,
      "price": 1984.1488000000002,
      "value": 2
    },
    {
      "pair": "BTC/USDT",
      "time": "2026-02-18T03:26:56.841Z",
      "side": "sell",
      "amount": 0.000029703756784867147,
      "price": 67331.5505,
      "value": 2
    },
    {
      "pair": "BTC/USDT",
      "time": "2026-02-18T04:54:15.177Z",
      "side": "sell",
      "amount": 0.000029555238000942814,
      "price": 67669.9,
      "value": 2
    },
    {
      "pair": "ETH/USDT",
      "time": "2026-02-18T06:27:58.696Z",
      "side": "buy",
      "amount": 0.000991989092881526,
      "price": 2016.1512,
      "value": 2
    },
    {
      "pair": "ETH/USDT",
      "time": "2026-02-18T07:40:06.391Z",
      "side": "sell",
      "amount": 0.000999925005624578,
      "price": 2000.15,
      "value": 2
    },
    {
      "pair": "BTC/USDT",
      "time": "2026-02-18T07:43:36.528Z",
      "side": "buy",
      "amount": 0.000029262611882121595,
      "price": 68346.599,
      "value": 2
    },
    {
      "pair": "BTC/USDT",
      "time": "2026-02-18T07:48:11.698Z",
      "side": "sell",
      "amount": 0.0000294081970158635,
      "price": 68008.24949999999,
      "value": 2
    },
    {
      "pair": "ETH/USDT",
      "time": "2026-02-18T07:49:01.746Z",
      "side": "buy",
      "amount": 0.0009841781551423012,
      "price": 2032.1524000000002,
      "value": 2
    },
    {
      "pair": "BTC/USDT",
      "time": "2026-02-18T08:16:47.820Z",
      "side": "buy",
      "amount": 0.00002911846108467273,
      "price": 68684.94849999998,
      "value": 2
    },
    {
      "pair": "ETH/USDT",
      "time": "2026-02-18T08:17:13.079Z",
      "side": "sell",
      "amount": 0.000991989092881526,
      "price": 2016.1512,
      "value": 2
    },
    {
      "pair": "ETH/USDT",
      "time": "2026-02-18T08:26:23.231Z",
      "side": "buy",
      "amount": 0.000976489263305252,
      "price": 2048.1536,
      "value": 2
    },
    {
      "pair": "ETH/USDT",
      "time": "2026-02-18T10:30:53.021Z",
      "side": "buy",
      "amount": 0.000991989092881526,
      "price": 2016.1512,
      "value": 2
    },
    {
      "pair": "BTC/USDT",
      "time": "2026-02-18T10:43:28.476Z",
      "side": "buy",
      "amount": 0.0000294081970158635,
      "price": 68008.24949999999,
      "value": 2
    },
    {
      "pair": "ETH/USDT",
      "time": "2026-02-18T11:06:59.289Z",
      "side": "buy",
      "amount": 0.000999925005624578,
      "price": 2000.15,
      "value": 2
    },
    {
      "pair": "BTC/USDT",
      "time": "2026-02-18T11:08:24.340Z",
      "side": "buy",
      "amount": 0.000029555238000942814,
      "price": 67669.9,
      "value": 2
    },
    {
      "pair": "BTC/USDT",
      "time": "2026-02-18T11:09:29.373Z",
      "side": "buy",
      "amount": 0.000029703756784867147,
      "price": 67331.5505,
      "value": 2
    },
    {
      "pair": "BTC/USDT",
      "time": "2026-02-18T11:31:40.206Z",
      "side": "sell",
      "amount": 0.000029703756784867147,
      "price": 67331.5505,
      "value": 2
    },
    {
      "pair": "ETH/USDT",
      "time": "2026-02-18T12:32:37.397Z",
      "side": "buy",
      "amount": 0.0010079889169602601,
      "price": 1984.1488000000002,
      "value": 2
    },
    {
      "pair": "BTC/USDT",
      "time": "2026-02-18T13:47:55.033Z",
      "side": "buy",
      "amount": 0.000029703756784867147,
      "price": 67331.5505,
      "value": 2
    },
    {
      "pair": "ETH/USDT",
      "time": "2026-02-18T14:48:17.109Z",
      "side": "buy",
      "amount": 0.0010161839488054655,
      "price": 1968.1476,
      "value": 2
    },
    {
      "pair": "BTC/USDT",
      "time": "2026-02-18T14:48:52.066Z",
      "side": "buy",
      "amount": 0.000029853775758528098,
      "price": 66993.20099999999,
      "value": 2
    },
    {
      "pair": "BTC/USDT",
      "time": "2026-02-18T14:48:52.115Z",
      "side": "buy",
      "amount": 0.000029853775758528098,
      "price": 66993.20099999999,
      "value": 2
    },
    {
      "pair": "BTC/USDT",
      "time": "2026-02-18T14:54:47.324Z",
      "side": "sell",
      "amount": 0.000029853775758528098,
      "price": 66993.20099999999,
      "value": 2
    },
    {
      "pair": "ETH/USDT",
      "time": "2026-02-18T15:00:27.519Z",
      "side": "sell",
      "amount": 0.0010161839488054655,
      "price": 1968.1476,
      "value": 2
    },
    {
      "pair": "BTC/USDT",
      "time": "2026-02-18T15:05:12.707Z",
      "side": "sell",
      "amount": 0.000029703756784867147,
      "price": 67331.5505,
      "value": 2
    },
    {
      "pair": "ETH/USDT",
      "time": "2026-02-18T15:05:12.708Z",
      "side": "sell",
      "amount": 0.0010079889169602601,
      "price": 1984.1488000000002,
      "value": 2
    },
    {
      "pair": "BTC/USDT",
      "time": "2026-02-18T15:37:33.791Z",
      "side": "sell",
      "amount": 0.000029555238000942814,
      "price": 67669.9,
      "value": 2
    },
    {
      "pair": "BTC/USDT",
      "time": "2026-02-18T15:40:33.879Z",
      "side": "sell",
      "amount": 0.0000294081970158635,
      "price": 68008.24949999999,
      "value": 2
    },
    {
      "pair": "ETH/USDT",
      "time": "2026-02-18T15:40:58.878Z",
      "side": "sell",
      "amount": 0.000999925005624578,
      "price": 2000.15,
      "value": 2
    },
    {
      "pair": "BTC/USDT",
      "time": "2026-02-18T15:51:14.268Z",
      "side": "buy",
      "amount": 0.0000294081970158635,
      "price": 68008.24949999999,
      "value": 2
    },
    {
      "pair": "ETH/USDT",
      "time": "2026-02-18T15:52:14.290Z",
      "side": "buy",
      "amount": 0.000999925005624578,
      "price": 2000.15,
      "value": 2
    },
    {
      "pair": "BTC/USDT",
      "time": "2026-02-18T16:03:39.738Z",
      "side": "buy",
      "amount": 0.000029555238000942814,
      "price": 67669.9,
      "value": 2
    },
    {
      "pair": "ETH/USDT",
      "time": "2026-02-18T16:03:39.761Z",
      "side": "buy",
      "amount": 0.0010079889169602601,
      "price": 1984.1488000000002,
      "value": 2
    },
    {
      "pair": "BTC/USDT",
      "time": "2026-02-18T16:05:54.858Z",
      "side": "buy",
      "amount": 0.000029703756784867147,
      "price": 67331.5505,
      "value": 2
    },
    {
      "pair": "BTC/USDT",
      "time": "2026-02-18T18:20:39.353Z",
      "side": "buy",
      "amount": 0.000029853775758528098,
      "price": 66993.20099999999,
      "value": 2
    },
    {
      "pair": "ETH/USDT",
      "time": "2026-02-18T18:22:44.394Z",
      "side": "buy",
      "amount": 0.0010161839488054655,
      "price": 1968.1476,
      "value": 2
    },
    {
      "pair": "BTC/USDT",
      "time": "2026-02-18T18:42:11.479Z",
      "side": "buy",
      "amount": 0.000029874199744874336,
      "price": 66947.4,
      "value": 2
    },
    {
      "pair": "ETH/USDT",
      "time": "2026-02-18T18:42:16.526Z",
      "side": "buy",
      "amount": 0.0010143685302307181,
      "price": 1971.67,
      "value": 2
    },
    {
      "pair": "BTC/USDT",
      "time": "2026-02-18T18:43:11.514Z",
      "side": "buy",
      "amount": 0.000030024321351632498,
      "price": 66612.663,
      "value": 2
    },
    {
      "pair": "ETH/USDT",
      "time": "2026-02-18T19:25:23.107Z",
      "side": "buy",
      "amount": 0.0010225489216035464,
      "price": 1955.8966400000002,
      "value": 2
    },
    {
      "pair": "BTC/USDT",
      "time": "2026-02-18T19:34:18.447Z",
      "side": "buy",
      "amount": 0.000030175959338256907,
      "price": 66277.92599999999,
      "value": 2
    },
    {
      "pair": "ETH/USDT",
      "time": "2026-02-18T19:40:08.686Z",
      "side": "buy",
      "amount": 0.001030862327470242,
      "price": 1940.12328,
      "value": 2
    }
  ],
  "totalProfit": -0.009986021962069819,
  "startTime": 1771265135647
}