{
  "trades": [
    {
      "time": "2026-02-16T18:05:35.647Z",
      "side": "buy",
      "amount": 0.000014687173787772742,
      "price": 68086.6186,
      "value": 1
    },
    {
      "time": "2026-02-16T18:05:36.041Z",
      "side": "buy",
      "amount": 0.00001467251592970111,
      "price": 68154.63720000001,
      "value": 1
    },
    {
      "time": "2026-02-16T18:05:36.421Z",
      "side": "buy",
      "amount": 0.00001465788729966153,
      "price": 68222.6558,
      "value": 1
    },
    {
      "time": "2026-02-16T18:05:36.808Z",
      "side": "buy",
      "amount": 0.000014643287810319236,
      "price": 68290.6744,
      "value": 1
    },
    {
      "time": "2026-02-16T18:10:26.895Z",
      "side": "sell",
      "amount": 0.000014687173787772742,
      "price": 68086.6186,
      "value": 1
    },
    {
      "time": "2026-02-16T18:21:12.444Z",
      "side": "sell",
      "amount": 0.00001467251592970111,
      "price": 68154.63720000001,
      "value": 1
    },
    {
      "time": "2026-02-16T18:28:12.789Z",
      "side": "buy",
      "amount": 0.00001467251592970111,
      "price": 68154.63720000001,
      "value": 1
    },
    {
      "time": "2026-02-17T02:46:34.248Z",
      "side": "buy",
      "amount": 0.000014487618812146951,
      "price": 69024.4555,
      "value": 1
    },
    {
      "time": "2026-02-17T02:46:34.556Z",
      "side": "buy",
      "amount": 0.00001447316011073762,
      "price": 69093.41100000001,
      "value": 1
    },
    {
      "time": "2026-02-17T02:46:34.873Z",
      "side": "buy",
      "amount": 0.000014458730240238384,
      "price": 69162.36649999999,
      "value": 1
    },
    {
      "time": "2026-02-17T02:46:35.179Z",
      "side": "buy",
      "amount": 0.000014444329114501093,
      "price": 69231.322,
      "value": 1
    },
    {
      "time": "2026-02-17T02:59:07.723Z",
      "side": "buy",
      "amount": 0.000014502106430959097,
      "price": 68955.5,
      "value": 1
    },
    {
      "time": "2026-02-17T02:59:37.739Z",
      "side": "buy",
      "amount": 0.00001451662305401311,
      "price": 68886.5445,
      "value": 1
    },
    {
      "time": "2026-02-17T03:03:52.965Z",
      "side": "buy",
      "amount": 0.000014531168768496091,
      "price": 68817.58899999999,
      "value": 1
    },
    {
      "time": "2026-02-17T03:04:22.958Z",
      "side": "buy",
      "amount": 0.000014545743661944933,
      "price": 68748.6335,
      "value": 1
    },
    {
      "time": "2026-02-17T03:05:56.056Z",
      "side": "buy",
      "amount": 0.00001456034782224809,
      "price": 68679.678,
      "value": 1
    },
    {
      "time": "2026-02-17T03:09:32.268Z",
      "side": "sell",
      "amount": 0.00001456034782224809,
      "price": 68679.678,
      "value": 1
    },
    {
      "time": "2026-02-17T03:11:20.371Z",
      "side": "buy",
      "amount": 0.00001456034782224809,
      "price": 68679.678,
      "value": 1
    },
    {
      "time": "2026-02-17T03:14:59.579Z",
      "side": "sell",
      "amount": 0.00001456034782224809,
      "price": 68679.678,
      "value": 1
    },
    {
      "time": "2026-02-17T04:07:45.700Z",
      "side": "buy",
      "amount": 0.000014604188854354412,
      "price": 68473.5051,
      "value": 0.9999999999999999
    },
    {
      "time": "2026-02-17T04:07:45.927Z",
      "side": "buy",
      "amount": 0.000014589613815577609,
      "price": 68541.91020000001,
      "value": 1
    },
    {
      "time": "2026-02-17T04:07:46.134Z",
      "side": "buy",
      "amount": 0.000014575067839689697,
      "price": 68610.3153,
      "value": 1
    },
    {
      "time": "2026-02-17T04:07:46.352Z",
      "side": "buy",
      "amount": 0.000014560550839849368,
      "price": 68678.7204,
      "value": 1
    },
    {
      "time": "2026-02-17T04:10:30.802Z",
      "side": "sell",
      "amount": 0.000014604188854354412,
      "price": 68473.5051,
      "value": 0.9999999999999999
    },
    {
      "time": "2026-02-17T04:11:18.860Z",
      "side": "sell",
      "amount": 0.000014589613815577609,
      "price": 68541.91020000001,
      "value": 1
    },
    {
      "time": "2026-02-17T04:16:01.100Z",
      "side": "buy",
      "amount": 0.000014589613815577609,
      "price": 68541.91020000001,
      "value": 1
    },
    {
      "pair": "BTC/USDT",
      "time": "2026-02-17T04:17:19.221Z",
      "side": "buy",
      "amount": 0.000014583934899379696,
      "price": 68568.6001,
      "value": 1
    },
    {
      "pair": "SOL/USDT",
      "time": "2026-02-17T04:17:19.223Z",
      "side": "buy",
      "amount": 0.011563546428679631,
      "price": 86.47865999999999,
      "value": 1
    },
    {
      "pair": "BTC/USDT",
      "time": "2026-02-17T04:17:19.429Z",
      "side": "buy",
      "amount": 0.000014569380074130813,
      "price": 68637.1002,
      "value": 1
    },
    {
      "pair": "BTC/USDT",
      "time": "2026-02-17T04:17:19.637Z",
      "side": "buy",
      "amount": 0.000014554854271464679,
      "price": 68705.6003,
      "value": 1
    },
    {
      "pair": "BTC/USDT",
      "time": "2026-02-17T04:17:19.853Z",
      "side": "buy",
      "amount": 0.00001454035740466043,
      "price": 68774.10040000001,
      "value": 1
    },
    {
      "pair": "ETH/USDT",
      "time": "2026-02-17T04:19:05.961Z",
      "side": "buy",
      "amount": 0.0005023653319050887,
      "price": 1990.58322,
      "value": 1
    },
    {
      "pair": "SOL/USDT",
      "time": "2026-02-17T04:19:05.962Z",
      "side": "buy",
      "amount": 0.011559524325574003,
      "price": 86.50874999999999,
      "value": 1
    },
    {
      "pair": "BTC/USDT",
      "time": "2026-02-17T04:19:05.964Z",
      "side": "buy",
      "amount": 0.000014577571851758339,
      "price": 68598.53,
      "value": 1
    },
    {
      "pair": "ETH/USDT",
      "time": "2026-02-17T04:19:06.170Z",
      "side": "buy",
      "amount": 0.0005013646041522896,
      "price": 1994.5564399999998,
      "value": 1
    },
    {
      "pair": "ETH/USDT",
      "time": "2026-02-17T04:19:23.423Z",
      "side": "buy",
      "amount": 0.000502385562773262,
      "price": 1990.50306,
      "value": 1
    },
    {
      "pair": "BTC/USDT",
      "time": "2026-02-17T04:19:23.424Z",
      "side": "buy",
      "amount": 0.00001457544498104755,
      "price": 68608.54,
      "value": 1
    },
    {
      "pair": "SOL/USDT",
      "time": "2026-02-17T04:19:23.425Z",
      "side": "buy",
      "amount": 0.011552827034539487,
      "price": 86.5589,
      "value": 1
    },
    {
      "pair": "ETH/USDT",
      "time": "2026-02-17T04:19:23.633Z",
      "side": "buy",
      "amount": 0.0005013847947199288,
      "price": 1994.47612,
      "value": 1
    },
    {
      "pair": "BTC/USDT",
      "time": "2026-02-17T04:19:23.634Z",
      "side": "buy",
      "amount": 0.000014560898628771054,
      "price": 68677.08,
      "value": 1
    },
    {
      "pair": "BTC/USDT",
      "time": "2026-02-17T04:19:23.846Z",
      "side": "buy",
      "amount": 0.000014546381282182052,
      "price": 68745.62,
      "value": 1
    },
    {
      "pair": "BTC/USDT",
      "time": "2026-02-17T04:19:24.057Z",
      "side": "buy",
      "amount": 0.000014531892854610155,
      "price": 68814.16,
      "value": 1
    },
    {
      "pair": "SOL/USDT",
      "time": "2026-02-17T04:19:53.428Z",
      "side": "buy",
      "amount": 0.011518375264058755,
      "price": 86.81779999999999,
      "value": 1
    },
    {
      "pair": "ETH/USDT",
      "time": "2026-02-17T04:20:03.455Z",
      "side": "buy",
      "amount": 0.0005003880058636267,
      "price": 1998.44918,
      "value": 1
    },
    {
      "pair": "ETH/USDT",
      "time": "2026-02-17T04:20:48.472Z",
      "side": "sell",
      "amount": 0.000502385562773262,
      "price": 1990.50306,
      "value": 1
    },
    {
      "pair": "BTC/USDT",
      "time": "2026-02-17T04:20:48.493Z",
      "side": "sell",
      "amount": 0.00001457544498104755,
      "price": 68608.54,
      "value": 1
    },
    {
      "pair": "ETH/USDT",
      "time": "2026-02-17T04:20:48.681Z",
      "side": "buy",
      "amount": 0.0004993951725186592,
      "price": 2002.4222399999999,
      "value": 1
    },
    {
      "pair": "SOL/USDT",
      "time": "2026-02-17T04:23:28.620Z",
      "side": "buy",
      "amount": 0.011484128360399512,
      "price": 87.07669999999999,
      "value": 1
    },
    {
      "pair": "ETH/USDT",
      "time": "2026-02-17T04:24:53.726Z",
      "side": "sell",
      "amount": 0.0005013847947199288,
      "price": 1994.47612,
      "value": 1
    },
    {
      "pair": "ETH/USDT",
      "time": "2026-02-17T04:30:13.988Z",
      "side": "buy",
      "amount": 0.0005013847947199288,
      "price": 1994.47612,
      "value": 1
    },
    {
      "pair": "BTC/USDT",
      "time": "2026-02-17T04:30:34.354Z",
      "side": "buy",
      "amount": 0.00001457544498104755,
      "price": 68608.54,
      "value": 1
    },
    {
      "pair": "BTC/USDT",
      "time": "2026-02-17T04:31:09.451Z",
      "side": "buy",
      "amount": 0.000014590020426028596,
      "price": 68540,
      "value": 1
    },
    {
      "pair": "ETH/USDT",
      "time": "2026-02-17T04:31:29.088Z",
      "side": "buy",
      "amount": 0.000502385562773262,
      "price": 1990.50306,
      "value": 1
    },
    {
      "pair": "SOL/USDT",
      "time": "2026-02-17T04:31:34.095Z",
      "side": "buy",
      "amount": 0.011587485515643106,
      "price": 86.3,
      "value": 1
    },
    {
      "pair": "BTC/USDT",
      "time": "2026-02-17T04:31:59.119Z",
      "side": "buy",
      "amount": 0.000014604625051079676,
      "price": 68471.46,
      "value": 1
    },
    {
      "pair": "ETH/USDT",
      "time": "2026-02-17T04:32:04.100Z",
      "side": "buy",
      "amount": 0.0005033903338988085,
      "price": 1986.53,
      "value": 1
    },
    {
      "pair": "BTC/USDT",
      "time": "2026-02-17T04:32:04.195Z",
      "side": "buy",
      "amount": 0.00001461925894391643,
      "price": 68402.92,
      "value": 1
    },
    {
      "pair": "BTC/USDT",
      "time": "2026-02-17T04:32:49.138Z",
      "side": "buy",
      "amount": 0.000014633922192606414,
      "price": 68334.38,
      "value": 1
    },
    {
      "pair": "BTC/USDT",
      "time": "2026-02-17T04:34:29.243Z",
      "side": "sell",
      "amount": 0.000014633922192606414,
      "price": 68334.38,
      "value": 1
    },
    {
      "pair": "ETH/USDT",
      "time": "2026-02-17T04:38:59.484Z",
      "side": "sell",
      "amount": 0.0005033903338988085,
      "price": 1986.53,
      "value": 1
    },
    {
      "pair": "BTC/USDT",
      "time": "2026-02-17T04:39:24.512Z",
      "side": "sell",
      "amount": 0.00001461925894391643,
      "price": 68402.92,
      "value": 1
    },
    {
      "pair": "SOL/USDT",
      "time": "2026-02-17T04:48:04.991Z",
      "side": "sell",
      "amount": 0.011587485515643106,
      "price": 86.3,
      "value": 1
    },
    {
      "pair": "BTC/USDT",
      "time": "2026-02-17T05:02:20.792Z",
      "side": "sell",
      "amount": 0.000014604625051079676,
      "price": 68471.46,
      "value": 1
    },
    {
      "pair": "BTC/USDT",
      "time": "2026-02-17T05:08:41.113Z",
      "side": "buy",
      "amount": 0.000014604625051079676,
      "price": 68471.46,
      "value": 1
    },
    {
      "pair": "BTC/USDT",
      "time": "2026-02-17T05:14:46.463Z",
      "side": "buy",
      "amount": 0.00001461925894391643,
      "price": 68402.92,
      "value": 1
    },
    {
      "pair": "ETH/USDT",
      "time": "2026-02-17T05:14:51.418Z",
      "side": "buy",
      "amount": 0.0005033903338988085,
      "price": 1986.53,
      "value": 1
    },
    {
      "pair": "SOL/USDT",
      "time": "2026-02-17T05:14:51.437Z",
      "side": "buy",
      "amount": 0.011587485515643106,
      "price": 86.3,
      "value": 1
    },
    {
      "pair": "BTC/USDT",
      "time": "2026-02-17T05:16:26.533Z",
      "side": "buy",
      "amount": 0.000014633922192606414,
      "price": 68334.38,
      "value": 1
    },
    {
      "pair": "ETH/USDT",
      "time": "2026-02-17T05:19:41.733Z",
      "side": "buy",
      "amount": 0.0005043991321631348,
      "price": 1982.55694,
      "value": 1
    },
    {
      "pair": "BTC/USDT",
      "time": "2026-02-17T05:19:46.757Z",
      "side": "buy",
      "amount": 0.00001464861488557088,
      "price": 68265.84,
      "value": 1
    },
    {
      "pair": "ETH/USDT",
      "time": "2026-02-17T05:19:56.761Z",
      "side": "buy",
      "amount": 0.0005054119818261129,
      "price": 1978.58388,
      "value": 1
    },
    {
      "pair": "SOL/USDT",
      "time": "2026-02-17T05:19:56.763Z",
      "side": "buy",
      "amount": 0.011622352573363194,
      "price": 86.0411,
      "value": 1
    },
    {
      "pair": "BTC/USDT",
      "time": "2026-02-17T05:20:31.809Z",
      "side": "buy",
      "amount": 0.000014663337111586528,
      "price": 68197.3,
      "value": 1
    },
    {
      "pair": "ETH/USDT",
      "time": "2026-02-17T05:23:46.948Z",
      "side": "buy",
      "amount": 0.0005064289073428657,
      "price": 1974.6108199999999,
      "value": 1
    },
    {
      "pair": "ETH/USDT",
      "time": "2026-02-17T05:32:07.380Z",
      "side": "buy",
      "amount": 0.0005074499333657343,
      "price": 1970.63776,
      "value": 1
    },
    {
      "pair": "SOL/USDT",
      "time": "2026-02-17T05:33:52.513Z",
      "side": "buy",
      "amount": 0.011657430096220427,
      "price": 85.7822,
      "value": 1
    },
    {
      "pair": "ETH/USDT",
      "time": "2026-02-17T05:41:22.889Z",
      "side": "sell",
      "amount": 0.0005074499333657343,
      "price": 1970.63776,
      "value": 1
    },
    {
      "pair": "SOL/USDT",
      "time": "2026-02-17T05:41:27.882Z",
      "side": "sell",
      "amount": 0.011657430096220427,
      "price": 85.7822,
      "value": 1
    },
    {
      "pair": "SOL/USDT",
      "time": "2026-02-17T05:45:08.096Z",
      "side": "sell",
      "amount": 0.011622352573363194,
      "price": 86.0411,
      "value": 1
    },
    {
      "pair": "BTC/USDT",
      "time": "2026-02-17T05:52:43.523Z",
      "side": "sell",
      "amount": 0.000014663337111586528,
      "price": 68197.3,
      "value": 1
    },
    {
      "pair": "ETH/USDT",
      "time": "2026-02-17T05:57:18.767Z",
      "side": "sell",
      "amount": 0.0005064289073428657,
      "price": 1974.6108199999999,
      "value": 1
    },
    {
      "pair": "SOL/USDT",
      "time": "2026-02-17T06:03:14.061Z",
      "side": "sell",
      "amount": 0.011587485515643106,
      "price": 86.3,
      "value": 1
    },
    {
      "pair": "BTC/USDT",
      "time": "2026-02-17T06:06:34.243Z",
      "side": "sell",
      "amount": 0.00001464861488557088,
      "price": 68265.84,
      "value": 1
    },
    {
      "pair": "BTC/USDT",
      "time": "2026-02-17T06:08:49.365Z",
      "side": "sell",
      "amount": 0.000014633922192606414,
      "price": 68334.38,
      "value": 1
    },
    {
      "pair": "ETH/USDT",
      "time": "2026-02-17T06:10:49.479Z",
      "side": "sell",
      "amount": 0.0005054119818261129,
      "price": 1978.58388,
      "value": 1
    },
    {
      "pair": "BTC/USDT",
      "time": "2026-02-17T06:11:14.513Z",
      "side": "sell",
      "amount": 0.00001461925894391643,
      "price": 68402.92,
      "value": 1
    },
    {
      "pair": "BTC/USDT",
      "time": "2026-02-17T06:14:19.698Z",
      "side": "buy",
      "amount": 0.00001461925894391643,
      "price": 68402.92,
      "value": 1
    },
    {
      "pair": "BTC/USDT",
      "time": "2026-02-17T06:28:50.458Z",
      "side": "sell",
      "amount": 0.00001461925894391643,
      "price": 68402.92,
      "value": 1
    },
    {
      "pair": "SOL/USDT",
      "time": "2026-02-17T06:28:50.458Z",
      "side": "sell",
      "amount": 0.011552827034539487,
      "price": 86.5589,
      "value": 1
    },
    {
      "pair": "ETH/USDT",
      "time": "2026-02-17T06:29:05.487Z",
      "side": "sell",
      "amount": 0.0005043991321631348,
      "price": 1982.55694,
      "value": 1
    },
    {
      "pair": "ETH/USDT",
      "time": "2026-02-17T06:37:10.896Z",
      "side": "buy",
      "amount": 0.0005043991321631348,
      "price": 1982.55694,
      "value": 1
    },
    {
      "pair": "BTC/USDT",
      "time": "2026-02-17T06:42:01.166Z",
      "side": "sell",
      "amount": 0.000014604625051079676,
      "price": 68471.46,
      "value": 1
    },
    {
      "pair": "BTC/USDT",
      "time": "2026-02-17T06:46:21.396Z",
      "side": "buy",
      "amount": 0.000014604625051079676,
      "price": 68471.46,
      "value": 1
    },
    {
      "pair": "SOL/USDT",
      "time": "2026-02-17T07:01:02.195Z",
      "side": "buy",
      "amount": 0.011552827034539487,
      "price": 86.5589,
      "value": 1
    },
    {
      "pair": "BTC/USDT",
      "time": "2026-02-17T07:03:17.640Z",
      "side": "buy",
      "amount": 0.00001461925894391643,
      "price": 68402.92,
      "value": 1
    },
    {
      "pair": "BTC/USDT",
      "time": "2026-02-17T07:09:32.637Z",
      "side": "buy",
      "amount": 0.000014633922192606414,
      "price": 68334.38,
      "value": 1
    },
    {
      "pair": "SOL/USDT",
      "time": "2026-02-17T07:09:37.614Z",
      "side": "buy",
      "amount": 0.011587485515643106,
      "price": 86.3,
      "value": 1
    },
    {
      "pair": "ETH/USDT",
      "time": "2026-02-17T07:09:42.649Z",
      "side": "buy",
      "amount": 0.0005054119818261129,
      "price": 1978.58388,
      "value": 1
    }
  ],
  "totalProfit": -0.009986021962069819,
  "startTime": 1771265135647
}