{
  "trades": [
    {
      "time": "2026-02-16T18:05:35.647Z",
      "side": "buy",
      "amount": 0.000014687173787772742,
      "price": 68086.6186,
      "value": 1
    },
    {
      "time": "2026-02-16T18:05:36.041Z",
      "side": "buy",
      "amount": 0.00001467251592970111,
      "price": 68154.63720000001,
      "value": 1
    },
    {
      "time": "2026-02-16T18:05:36.421Z",
      "side": "buy",
      "amount": 0.00001465788729966153,
      "price": 68222.6558,
      "value": 1
    },
    {
      "time": "2026-02-16T18:05:36.808Z",
      "side": "buy",
      "amount": 0.000014643287810319236,
      "price": 68290.6744,
      "value": 1
    },
    {
      "time": "2026-02-16T18:10:26.895Z",
      "side": "sell",
      "amount": 0.000014687173787772742,
      "price": 68086.6186,
      "value": 1
    },
    {
      "time": "2026-02-16T18:21:12.444Z",
      "side": "sell",
      "amount": 0.00001467251592970111,
      "price": 68154.63720000001,
      "value": 1
    },
    {
      "time": "2026-02-16T18:28:12.789Z",
      "side": "buy",
      "amount": 0.00001467251592970111,
      "price": 68154.63720000001,
      "value": 1
    },
    {
      "time": "2026-02-17T02:46:34.248Z",
      "side": "buy",
      "amount": 0.000014487618812146951,
      "price": 69024.4555,
      "value": 1
    },
    {
      "time": "2026-02-17T02:46:34.556Z",
      "side": "buy",
      "amount": 0.00001447316011073762,
      "price": 69093.41100000001,
      "value": 1
    },
    {
      "time": "2026-02-17T02:46:34.873Z",
      "side": "buy",
      "amount": 0.000014458730240238384,
      "price": 69162.36649999999,
      "value": 1
    },
    {
      "time": "2026-02-17T02:46:35.179Z",
      "side": "buy",
      "amount": 0.000014444329114501093,
      "price": 69231.322,
      "value": 1
    },
    {
      "time": "2026-02-17T02:59:07.723Z",
      "side": "buy",
      "amount": 0.000014502106430959097,
      "price": 68955.5,
      "value": 1
    },
    {
      "time": "2026-02-17T02:59:37.739Z",
      "side": "buy",
      "amount": 0.00001451662305401311,
      "price": 68886.5445,
      "value": 1
    },
    {
      "time": "2026-02-17T03:03:52.965Z",
      "side": "buy",
      "amount": 0.000014531168768496091,
      "price": 68817.58899999999,
      "value": 1
    },
    {
      "time": "2026-02-17T03:04:22.958Z",
      "side": "buy",
      "amount": 0.000014545743661944933,
      "price": 68748.6335,
      "value": 1
    },
    {
      "time": "2026-02-17T03:05:56.056Z",
      "side": "buy",
      "amount": 0.00001456034782224809,
      "price": 68679.678,
      "value": 1
    },
    {
      "time": "2026-02-17T03:09:32.268Z",
      "side": "sell",
      "amount": 0.00001456034782224809,
      "price": 68679.678,
      "value": 1
    },
    {
      "time": "2026-02-17T03:11:20.371Z",
      "side": "buy",
      "amount": 0.00001456034782224809,
      "price": 68679.678,
      "value": 1
    },
    {
      "time": "2026-02-17T03:14:59.579Z",
      "side": "sell",
      "amount": 0.00001456034782224809,
      "price": 68679.678,
      "value": 1
    }
  ],
  "totalProfit": -0.0049930109810348376,
  "startTime": 1771265135647
}